3184 5234
266 520 308 570 de
332 530 526 569 consensu
549 512 893 583 euangelistarum
912 510 960 567 lib.
979 510 1015 565 11.
1035 528 1092 582 cap.
1112 510 1161 567 XX
1225 514 1286 581 151

137 716 204 778 arte
227 711 423 797 pertingunt.
447 709 476 775 si
495 728 570 795 ergo
588 709 660 793 ipsa
677 706 842 792 peruentio
861 706 980 773 usitate
999 706 1117 772 dicitur
1133 722 1189 791 per
1208 707 1286 774 alios

135 820 216 895 fieri,
240 822 358 901 quanto
380 817 484 902 magis
508 834 656 881 accessus
674 835 730 898 per
747 816 827 881 alios
851 815 919 879 fieri
941 818 1058 897 potest,
1078 815 1132 898 qui
1150 817 1287 899 plerum-

22 925 23 944 *
136 944 199 1009 que
235 925 318 991 inira
351 925 592 1007 peruentionem
626 926 778 1000 remanet,
818 922 943 1006 quando
980 921 1117 1004 potuerit
1153 923 1287 1004 quisque

134 1034 312 1117 plurimum
330 1032 460 1116 quidem
479 1032 638 1102 accedere.
657 1030 713 1095 sed
731 1033 837 1095 tamen
861 1049 922 1095 non
945 1028 1085 1111 potuerit
1106 1030 1285 1111 peruenire!

100 1160 199 1205 onon
222 1159 298 1224 ergo
321 1139 458 1204 absurde
476 1137 641 1203 Mattheus
665 1137 762 1202 etiam
785 1136 871 1220 quod
894 1137 994 1220 uulgo
1017 1135 1121 1219 possit
1142 1134 1287 1221 intellegi

22 1297 23 1300 ,
133 1266 193 1329 per
219 1247 300 1312 alios
331 1247 416 1312 iacto
448 1265 581 1311 accessu
613 1244 805 1310 centurionis
839 1242 878 1307 ad
915 1242 1078 1307 dominum
1113 1242 1285 1327 conpendio

134 1354 240 1418 dicere
262 1353 370 1419 uoluit
392 1351 574 1418 accessit
598 1351 753 1416 adeum
777 1350 976 1415 centurio.

180 1460 301 1524 Verum
328 1463 435 1524 tamen
462 1478 524 1524 non
556 1458 761 1542 neglegenter
791 1456 943 1521 intuenda
973 1457 1022 1521 est
1054 1456 1149 1521 etiam
1182 1457 1284 1521 sancti
1309 1440 1350 1503 50

134 1566 355 1651 euangelistae
392 1565 527 1631 altitudo
563 1565 717 1648 mysticae
752 1564 936 1641 locutionis,
973 1564 1148 1629 seeundum
1189 1583 1284 1646 quem

89 1695 116 1735 ro
133 1673 292 1755 seriptum
316 1676 366 1737 est
389 1672 421 1738 in
443 1673 583 1755 psalmo:
619 1670 807 1737 accedite
832 1671 878 1736 ad
902 1690 986 1735 enm
1010 1674 1049 1737 et
1071 1670 1284 1735 inlumina·

131 1780 244 1845 mini.
267 1780 399 1862 proinde
424 1779 499 1863 qnia
520 1778 615 1844 fidem
640 1778 845 1856 centurionis,
870 1797 933 1860 qua
959 1798 1034 1843 uere
1062 1779 1223 1843 acceditur
1246 1778 1286 1845 ad

131 1887 253 1965 Iesum,
283 1888 353 1970 ipse
379 1888 426 1951 ita
451 1886 607 1964 laudauit,
635 1888 674 1949 nt
700 1884 820 1949 diceret
850 1904 925 1949 non
960 1884 1101 1949 inueni
1133 1888 1284 1951 tantam

131 1993 258 2057 iidem
291 1993 331 2056 in
363 1992 534 2071 Israhel,
564 1992 671 2076 ipsum
704 1990 812 2076 potius
846 1991 1020 2056 accessisse
1053 1991 1093 2056 ad
1121 1990 1285 2057 Christum

132 2098 237 2164 dicere
261 2100 368 2166 uoluit
389 2099 527 2184 pmdens
556 2098 755 2183 euangelista
782 2118 877 2181 quam
905 2098 978 2163 illos
1007 2117 1063 2180 per
1086 2117 1165 2180 quos
1188 2097 1285 2162 narba

89 2227 114 2268 a
133 2227 191 2271 sna
218 2207 361 2271 miserat.
389 2226 481 2289 porro
510 2209 617 2271 autem
644 2205 747 2271 Lucas
775 2204 847 2269 ideo
879 2207 984 2270 totum
1017 2204 1284 2288 quemadmodum

132 2318 261 2398 gestum
286 2317 373 2378 esset
395 2314 531 2397 aperuit,
548 2316 587 2378 ut
609 2332 646 2379 er
668 2313 730 2377 hoo
753 2312 939 2397 intellegere
963 2330 1157 2395 cogeremur,
1177 2330 1284 2393 quem-

132 2419 305 2485 admodum
329 2439 403 2484 eum
427 2420 602 2485 accessisse
625 2419 739 2484 <luerit
761 2418 843 2484 alius
868 2418 923 2502 qui
940 2418 1067 2483 mentiri
1086 2437 1147 2482 non
1166 2419 1281 2501 potuit.
1309 2497 1315 2507 ι

132 2525 178 2591 sic
211 2527 296 2591 enim
330 2530 363 2591 et
393 2526 451 2590 illa
476 2526 601 2603 mulier,
632 2544 712 2608 quae
744 2525 863 2591 florum
897 2525 1061 2610 sanguinis
1092 2524 1282 2608 patiebatur,

132 2634 280 2714 quamuis
298 2632 456 2696 fimbriam
475 2632 660 2699 uestimenti
676 2634 746 2697 eins
764 2633 914 2713 tenuerit,
929 2632 1031 2716 magis
1050 2634 1156 2696 tamen
1174 2631 1284 2715 tetigit

86 2759 114 2800 ao
133 2738 295 2805 dominnm
325 2759 420 2821 qnam
447 2740 521 2805 illae
553 2740 676 2818 turbae,
705 2759 723 2803 a
751 2740 868 2822 quibus
896 2740 1107 2823 premebatur.
1134 2742 1172 2802 ut
1199 2739 1282 2803 enim

130 2846 219 2924 baec,
243 2865 307 2929 quo
335 2847 439 2931 magis
468 2846 613 2925 credidit,
643 2866 679 2912 eo
707 2847 811 2932 magis
839 2846 949 2931 tetigit
976 2846 1149 2925 dominum,
1177 2845 1224 2910 ita
1251 2849 1283 2910 et

131 2954 285 3031 centurio,
309 2973 373 3036 quo
396 2955 498 3039 magis
523 2954 667 3034 eredidit,
692 2974 729 3019 eo
752 2954 856 3039 magis
880 2953 1016 3019 accessit
1039 2953 1078 3018 ad
1108 2953 1281 3019 dominum.

130 3059 194 3123 iam
223 3062 330 3125 cetera
355 3060 388 3125 in
416 3060 477 3126 hoc
510 3061 651 3144 capitulo
686 3080 767 3144 quae
801 3062 879 3125 alter
911 3060 989 3125 dicit
1022 3064 1054 3125 et
1086 3060 1164 3125 alter
1194 3081 1282 3144 prae-

220 3356 235 3407 7
254 3355 299 3409 Ps.
319 3356 363 3424 33,
382 3355 398 3409 6
450 3356 484 3410 12
502 3356 600 3411 Matth.
620 3357 646 3425 8,
667 3356 700 3412 10
751 3360 784 3413 19
804 3358 839 3412 cf.
857 3358 923 3412 Luc.
941 3358 966 3426 8,
985 3359 1106 3423 42-48;
1126 3358 1159 3413 ei.
1174 3358 1274 3413 Mattb.

127 3441 157 3510 9,
176 3443 223 3509 20;
243 3444 277 3498 cf.
298 3444 381 3498 Marc.
400 3446 426 3512 5,
445 3444 480 3500 25

171 3618 183 3670 1
205 3616 315 3687 dieitur]
336 3617 403 3671 add.
423 3634 492 3687 qnae
509 3618 552 3672 E²
622 3620 640 3672 2
659 3621 858 3689 quanto—fieri
876 3636 928 3675 om.
947 3620 1093 3675 HAELU
1162 3622 1209 3691 qui
1227 3636 1272 3675 om

128 3706 170 3775 B,
189 3708 250 3776 quia
269 3707 415 3761 HAELU
466 3708 484 3761 3
501 3709 619 3762 romanii
639 3708 694 3774 GP,
714 3711 845 3764 remansit
864 3710 931 3776 (nsit
948 3711 980 3763 iu
997 3712 1066 3777 rus.)
1088 3710 1119 3779 V,
1139 3713 1280 3781 permanet

128 3796 206 3851 ΗΑ2
264 3797 406 3851 tinctum
424 3814 561 3851 accessum
580 3798 611 3852 D
631 3799 775 3869 QrEug.
850 3801 957 3869 icum]
979 3800 1058 3854 deum
1076 3800 1104 3853 Β
1171 3800 1279 3855 8nele·

128 3888 229 3955 genter
245 3887 281 3956 B,
299 3887 405 3955 neglig.
427 3886 483 3953 ΟΡ,
501 3888 655 3957 neglienter
671 3887 738 3941 E¹L
810 3887 970 3943 intuendum
989 3889 1075 3943 BRT
1121 3889 1280 3944 9mistieae

132 3972 190 4027 GP
204 3974 236 4027 N
285 3974 509 4035 lalandenus
581 3976 680 4030 dicerit
700 3976 768 4045 0¹1³,
787 3977 921 4031 indiceret
934 3977 968 4031 H
1025 3978 1058 4031 15
1076 3979 1281 4047 praemiseratr

130 4062 168 4116 16
189 4061 408 4133 intellegerernur
425 4066 486 4131 (om.
507 4067 627 4133 cogere)
645 4064 672 4117 B
728 4066 760 4119 17
780 4082 842 4119 enm
861 4082 911 4121 om.
933 4064 984 4119 ΟΡ
999 4066 1040 4119 Η1
1114 4082 1174 4120 eum
1190 4084 1280 4121 acees-

128 4149 203 4202 sisse
220 4165 271 4207 om.
287 4152 360 4220 Euo.
379 4150 458 4205 codd.
477 4158 532 4221 opi.
621 4154 736 4207 mentire
758 4153 809 4207 ΟΡ
891 4155 979 4224 possit
997 4154 1068 4224 Ecce.
1087 4156 1165 4209 codol.
1189 4154 1278 4211 Vatia.

127 4238 262 4294 Medione.
318 4241 354 4296 18
373 4243 401 4295 et
419 4258 470 4295 om.
489 4242 561 4312 Eece.
624 4243 659 4297 20
677 4243 724 4296 ille
743 4242 771 4295 Β
841 4244 1051 4312 praemebantur
1068 4245 1096 4298 B
1116 4243 1165 4298 GP
1235 4247 1278 4315 ut]

128 4330 160 4381 et
180 4326 353 4398 HAELUr
426 4331 459 4383 21
479 4332 643 4401 tetigit-eo
661 4333 749 4402 magis
768 4350 820 4387 one.
839 4333 1014 4403 HAELUT
1091 4332 1197 4387 domino
1220 4334 1281 4389 011²

127 4419 160 4470 et
182 4431 231 4471 oro.
249 4434 316 4473 roc
