3184 5234
276 407 342 469 294
632 402 658 453 S.
688 399 827 453 Aureli
856 398 1074 467 Augustini

274 595 438 661 Mattheus
467 600 499 661 et
526 595 666 672 Marcus,
695 594 794 658 stab
828 593 902 673 alio,
932 612 1026 676 quem
1060 595 1289 657 commemorat
1314 593 1432 658 Lucas.

276 705 322 769 sic
351 704 435 767 enim
463 702 524 767 hoc
551 705 657 767 narrat
683 702 803 766 Lucas:
836 700 1003 765 ⁵¹Petrus
1030 720 1121 765 uero
1150 700 1386 782 sequabatur
1414 718 1432 762 a

273 810 394 894 longe.
419 809 607 873 ⁵⁵aoccnso
632 810 755 873 sutem
778 808 867 891 igne
890 808 927 872 in
945 794 1068 872 medio
1092 807 1188 871 atrio
1213 809 1250 869 et
1273 806 1431 869 circum·

276 916 505 981 sedentibus
528 914 610 979 illis
635 916 713 978 erat
736 914 873 979 Petrus
896 914 933 977 in
957 912 1079 978 medio
1098 913 1263 976 illorum.
1288 910 1432 994 ⁶⁶quem

275 1042 357 1087 cum
380 1022 548 1087 uidisset
571 1020 712 1085 ancilla
739 1020 920 1102 quaedam
949 1020 1142 1084 sedentem
1171 1018 1214 1082 ad
1236 1018 1365 1083 lumen
1395 1018 1474 1080 ets

275 1148 357 1193 cum
386 1128 530 1193 luisset
557 1128 709 1205 intuita,
739 1127 849 1191 dixit:
878 1129 915 1192 et
943 1127 1002 1190 hic
1032 1145 1113 1190 cnm
1141 1125 1210 1191 illo
1239 1127 1330 1189 erat
1362 1122 1432 1187 ⁵⁷at

276 1235 346 1299 ille
371 1235 528 1317 negauit
551 1254 632 1299 eum
656 1233 801 1298 dicens:
825 1233 972 1312 mulier,
994 1252 1068 1297 non
1097 1233 1185 1297 noui
1212 1232 1335 1296 illum.
1364 1230 1433 1295 ⁵⁸et

274 1343 362 1422 post
389 1341 575 1422 pusillum
599 1340 700 1405 alins
729 1340 864 1405 uidens
894 1358 974 1405 eum
999 1339 1110 1404 dixit:
1138 1343 1175 1404 et
1202 1342 1244 1403 tu
1273 1337 1317 1401 de
1345 1337 1432 1401 illis

275 1467 323 1510 es.
344 1447 405 1512 boc
421 1466 495 1530 ergo
511 1446 595 1529 quod
613 1446 716 1511 Lucas
737 1446 795 1511 ait:
817 1449 961 1528 etpost
979 1446 1176 1529 pusillum,
1193 1445 1259 1509 iam
1278 1463 1431 1528 egressus

275 1558 341 1616 erat
377 1554 491 1617 Petrus
528 1552 655 1617 ianuam
692 1555 725 1616 et
761 1553 885 1635 primus
922 1552 1027 1636 gallus
1069 1555 1261 1627 cantauerat,
1298 1551 1430 1632 iamque
1450 1567 1475 1605 ιο

274 1658 418 1735 redierat,
450 1662 497 1734 nt,
532 1657 800 1741 quemadmodum
833 1658 911 1724 dicit
942 1659 1108 1736 Iohannes,
1137 1657 1176 1721 ad
1199 1658 1306 1723 iocum
1340 1662 1430 1722 stans

273 1765 390 1828 iterum
414 1769 550 1849 negaret
579 1765 732 1829 Iohannes
762 1765 846 1829 enim
874 1766 905 1829 in
933 1765 1034 1846 prima
1057 1756 1225 1849 negatione
1251 1764 1341 1829 Petri
1367 1782 1430 1828 non

275 1869 380 1935 solum
405 1870 442 1934 de
466 1872 567 1954 primo
592 1872 668 1955 galli
692 1875 787 1937 cautu
811 1874 906 1948 tacet,
932 1872 1016 1937 sicut
1040 1872 1136 1937 ceteri
1158 1875 1288 1953 excepto
1308 1870 1430 1942 Marco,

275 1976 331 2041 sed
365 1978 471 2055 etiam,
500 1979 584 2061 qnod
618 1978 781 2044 sedentem
814 1978 854 2043 ad
886 1979 992 2063 ignem
1024 1980 1177 2063 cognonit
1208 1979 1333 2055 ancilla,
1365 1996 1429 2042 non

275 2087 508 2149 commemorat.
545 2085 606 2149 hoc
642 2086 725 2149 enim
763 2088 889 2150 mutum
926 2086 984 2151 ait:
1030 2084 1153 2149 ¹⁷dicit
1189 2104 1275 2169 ergo
1313 2085 1428 2149 Petro
1448 2098 1474 2138 1⁶

275 2190 415 2254 ancilla
448 2192 619 2255 ostiaria:
653 2191 833 2273 numquid
869 2211 957 2275 ergo
995 2196 1033 2257 et
1069 2197 1109 2257 tu
1143 2193 1185 2256 de
1218 2190 1428 2275 discipulis

275 2316 312 2361 es
336 2298 499 2362 hominis
524 2299 662 2363 istius?
686 2298 782 2363 dicit
805 2299 887 2363 ille:
908 2319 978 2363 non
1002 2318 1092 2364 sum.
1113 2299 1224 2364 deinde
1242 2298 1428 2379 intemonit,

274 2422 353 2485 quae
378 2409 470 2488 gesta
493 2408 568 2470 sunt
595 2424 667 2470 cum
690 2406 764 2471 Iesu
791 2407 823 2471 in
853 2407 961 2472 eadem
991 2407 1094 2486 domo,
1123 2426 1203 2488 quae
1235 2423 1430 2471 commemo·
1548 2473 1549 2482 χ

275 2511 370 2574 canda
393 2512 562 2575 arbitratus
588 2516 647 2590 est,
671 2512 716 2576 ita
740 2530 886 2576 narrans:
913 2512 1091 2577 ¹⁸stabant
1114 2516 1238 2577 antem
1263 2511 1365 2575 serui
1393 2515 1430 2574 et

274 2618 440 2681 ministri
469 2619 511 2682 ad
539 2634 686 2702 prunas,
721 2620 808 2702 quia
841 2619 964 2705 frigus
987 2622 1075 2698 erat,
1110 2624 1147 2683 et
1179 2618 1471 2691 calefiebantm

275 2728 356 2787 erat
388 2729 512 2789 autem
547 2744 627 2789 cum
662 2726 715 2789 eis
748 2728 785 2790 et
816 2726 953 2790 Petrus
986 2728 1092 2791 stans
1125 2730 1161 2791 et
1194 2726 1427 2790 calefaciens

275 2851 321 2895 se.
350 2831 401 2896 bic
431 2850 503 2915 ergo
531 2832 730 2914 intellegitur
757 2833 821 2896 iam
850 2833 952 2897 exisse
975 2834 1058 2897 foras
1083 2833 1212 2897 Petrum
1236 2837 1268 2897 et
1290 2832 1426 2908 redisse3

274 2938 376 3019 primo
396 2937 477 3001 enim
500 2938 630 3003 sedebat
644 2938 683 3002 ad
697 2939 814 3023 ignem,
829 2944 941 3023 postea
954 2940 1017 3003 iam
1031 2940 1155 3004 rediens
1171 2943 1254 3003 stare
1268 2942 1425 3021 coeperat.

364 3179 479 3234 2*Luc.
499 3182 541 3245 22,
562 3181 724 3236 54b-58a
779 3183 812 3236 15
831 3182 905 3237 *lou
927 3182 969 3251 18,
990 3185 1022 3237 17
1043 3187 1071 3236 et
1091 3184 1123 3237 18

309 3324 325 3375 2
344 3322 519 3392 sequebatur]
540 3322 605 3376 add.
626 3339 686 3377 enm
704 3322 768 3392 ΒΡ
859 3325 875 3377 3
894 3325 952 3393 igni
975 3322 1090 3393 ONMQ
1106 3323 1147 3379 Ε2
1231 3325 1250 3378 4
1267 3324 1376 3377 illorum
1398 3324 1424 3376 Β

274 3410 355 3479 (aare.
375 3410 464 3481 colb.)‚
484 3428 575 3464 eemm
595 3418 651 3480 cet,
671 3412 775 3475 edd.‚e
849 3413 865 3465 5
884 3418 912 3466 et
931 3430 991 3466 cum
1009 3414 1037 3467 Β
1055 3413 1132 3481 (Ept.
1155 3412 1221 3470 Tur.
1240 3413 1313 3466 Kese.
1332 3412 1423 3482 Ldf),

274 3503 302 3552 et
321 3516 381 3552 eum
400 3505 456 3562 cet,
477 3500 580 3568 edd.,c
645 3503 660 3555 6
679 3502 757 3555 intua
775 3500 815 3554 Β1
879 3504 894 3555 7
915 3501 1037 3556 dicentes
1055 3503 1083 3555 Β
1151 3502 1168 3555 8
1187 3502 1423 3571 nlius-pusillum

274 3604 324 3643 oen.
342 3588 370 3640 Β
470 3590 543 3657 eum]
561 3590 638 3642 illum
656 3589 720 3658 Rp
816 3607 878 3644 eum
896 3590 992 3645 uidens
1013 3589 1093 3644 OPV
1180 3591 1197 3643 9
1215 3591 1354 3658 ingressus
1375 3590 1425 3645 ΟΡ

275 3676 308 3728 10
326 3676 400 3745 prius
424 3674 460 3729 V²
473 3693 520 3745 pe·
594 3678 622 3731 11
645 3679 792 3732 iohannese
811 3678 840 3731 B
909 3680 941 3732 12
961 3678 1075 3747 negauit
1096 3678 1127 3749 Q,
1146 3679 1265 3747 -ucritq
1338 3679 1420 3748 enim]

274 3768 400 3832 autemp
510 3766 542 3819 13
562 3770 642 3819 cantu
662 3768 748 3836 tacet]
768 3783 819 3821 can
837 3767 911 3820 teuit
929 3767 956 3820 B
1072 3768 1154 3837 sicut]
1176 3766 1241 3821 cdd.
1261 3771 1291 3821 et
1309 3768 1422 3823 HAEL

276 3852 307 3904 14
327 3851 438 3905 sedente
457 3853 485 3905 Β
610 3854 772 3923 cognouerit
789 3854 821 3909 F
840 3854 901 3908 cdd.
919 3861 1067 3924 prestab
1177 3857 1209 3909 15
1233 3856 1305 3908 enim
1324 3872 1376 3910 om.
1396 3856 1424 3907 B

171 3962 176 3975 ·
275 3940 307 3993 16
327 3940 460 4009 numquid
479 3943 554 4011 ergo]
574 3942 706 4011 numquid
730 3942 981 4013 VN²Qprlmv
1020 3945 1052 3998 17
1071 3945 1154 3998 illiB
1172 3945 1262 4012 (colb.)
1301 3945 1422 3999 l9se1ui

273 4046 323 4082 om.
343 4028 468 4083 HAE¹L
522 4030 556 4083 20
575 4048 660 4101 punas
679 4032 714 4098 B,
733 4049 832 4101 pronas
854 4032 887 4087 01
959 4032 1121 4087 calefiebant
1139 4033 1166 4086 B
1184 4034 1215 4087 F
1229 4032 1296 4086 ΝΜ
1313 4034 1422 4102 (optim

274 4118 350 4171 codd.
380 4118 477 4188 Volo),
502 4118 700 4173 calefaciebant
722 4124 764 4189 (ac
787 4137 857 4177 eras.
885 4121 944 4190 OE,
968 4138 1027 4190 esp.
1046 4121 1089 4189 H)
1115 4122 1165 4175 ΟΡ
1185 4121 1209 4175 0
1226 4122 1321 4180 ,ΗΔΕ
1341 4123 1420 4193 (colb.

273 4206 339 4260 Dbl.
363 4206 422 4260 Ro.
448 4207 504 4274 ul.),
531 4208 726 4263 calefaciebant
749 4226 778 4263 se
802 4216 859 4276 cet„
883 4211 953 4275 edd,
976 4227 992 4263 c
1015 4208 1222 4279 (ἐθερμαίνοντο)
1313 4212 1348 4265 22
1367 4213 1420 4265 iam

273 4295 444 4363 intellegitur
465 4296 576 4366 01³le
595 4315 621 4350 aa
675 4299 710 4351 23
729 4298 834 4367 postea]
855 4303 883 4352 et
900 4303 997 4368 postea
1015 4300 1112 4368 Miyne
