<?xml version="1.0" encoding="UTF-8"?>
<!DOCTYPE html PUBLIC "-//W3C//DTD XHTML 1.0 Transitional//EN"
    "http://www.w3.org/TR/xhtml1/DTD/xhtml1-transitional.dtd">
<html xmlns="http://www.w3.org/1999/xhtml" xml:lang="en" lang="en">
 <head>
  <title>
</title>
<meta http-equiv="Content-Type" content="text/html;charset=utf-8" />
  <meta name='ocr-system' content='tesseract 3.04.00' />
  <meta name='ocr-capabilities' content='ocr_page ocr_carea ocr_par ocr_line ocrx_word'/>
</head>
<body>
  <div class='ocr_page' id='page_1' title='image "./corpusscriptoru21wissgoog_0198.png"; bbox 0 0 3184 5234; ppageno 0'>
   <div class='ocr_carea' id='block_1_1' title="bbox 276 458 1067 530">
    <p class='ocr_par' dir='ltr' id='par_1_1' title="bbox 276 458 1067 530">
     <span class='ocr_line' id='line_1_1' title="bbox 276 458 1067 530; baseline -0.021 0"><span class='ocrx_word' id='word_1_1' title='bbox 276 467 340 530; x_wconf 82' lang='grc'>154</span> <span class='ocrx_word' id='word_1_2' title='bbox 627 463 655 517; x_wconf 87' lang='lat' dir='ltr'>S.</span> <span class='ocrx_word' id='word_1_3' title='bbox 682 460 820 515; x_wconf 80' lang='lat' dir='ltr'>Aureli</span> <span class='ocrx_word' id='word_1_4' title='bbox 848 458 1067 530; x_wconf 77' lang='lat' dir='ltr'><strong>Augustini</strong></span> 
     </span>
    </p>
   </div>
   <div class='ocr_carea' id='block_1_2' title="bbox 204 655 1566 3197">
    <p class='ocr_par' dir='ltr' id='par_1_2' title="bbox 204 655 1566 3197">
     <span class='ocr_line' id='line_1_2' title="bbox 204 655 1421 742; baseline 0 -23"><span class='ocrx_word' id='word_1_5' title='bbox 204 656 246 719; x_wconf 83' lang='lat'>53</span> <span class='ocrx_word' id='word_1_6' title='bbox 315 658 417 723; x_wconf 87' lang='lat' dir='ltr'>XXII.</span> <span class='ocrx_word' id='word_1_7' title='bbox 442 656 593 741; x_wconf 89' lang='lat' dir='ltr'>Sequitur</span> <span class='ocrx_word' id='word_1_8' title='bbox 616 676 691 742; x_wconf 89' lang='lat' dir='ltr'>ergo</span> <span class='ocrx_word' id='word_1_9' title='bbox 714 656 878 721; x_wconf 79' lang='lat' dir='ltr'><strong>Mattheus</strong></span> <span class='ocrx_word' id='word_1_10' title='bbox 903 656 1025 723; x_wconf 89' lang='lat' dir='ltr'>dicens:</span> <span class='ocrx_word' id='word_1_11' title='bbox 1057 655 1257 739; x_wconf 64' lang='lat' dir='ltr'>liuespere</span> <span class='ocrx_word' id='word_1_12' title='bbox 1286 657 1421 720; x_wconf 89' lang='lat' dir='ltr'>autem</span> 
     </span>
     <span class='ocr_line' id='line_1_3' title="bbox 270 763 1421 850; baseline -0.003 -19"><span class='ocrx_word' id='word_1_13' title='bbox 270 764 381 831; x_wconf 88' lang='lat' dir='ltr'>facto</span> <span class='ocrx_word' id='word_1_14' title='bbox 423 767 666 850; x_wconf 69' lang='lat' dir='ltr'>optulerunt</span> <span class='ocrx_word' id='word_1_15' title='bbox 706 764 742 829; x_wconf 91' lang='lat' dir='ltr'>ei</span> <span class='ocrx_word' id='word_1_16' title='bbox 787 766 940 830; x_wconf 88' lang='lat' dir='ltr'>multos</span> <span class='ocrx_word' id='word_1_17' title='bbox 987 764 1173 829; x_wconf 89' lang='lat' dir='ltr'>demonia</span> <span class='ocrx_word' id='word_1_18' title='bbox 1218 763 1421 829; x_wconf 88' lang='lat' dir='ltr'>habentes</span> 
     </span>
     <span class='ocr_line' id='line_1_4' title="bbox 271 870 1421 955; baseline -0.003 -19"><span class='ocrx_word' id='word_1_19' title='bbox 271 876 311 936; x_wconf 90' lang='lat' dir='ltr'>st</span> <span class='ocrx_word' id='word_1_20' title='bbox 334 871 515 937; x_wconf 76' lang='lat' dir='ltr'>eiciebat</span> <span class='ocrx_word' id='word_1_21' title='bbox 538 872 717 955; x_wconf 91' lang='lat' dir='ltr'>spiritus</span> <span class='ocrx_word' id='word_1_22' title='bbox 741 871 864 936; x_wconf 88' lang='lat' dir='ltr'>uerbo</span> <span class='ocrx_word' id='word_1_23' title='bbox 889 875 928 936; x_wconf 93' lang='lat' dir='ltr'>et</span> <span class='ocrx_word' id='word_1_24' title='bbox 947 889 1079 936; x_wconf 88' lang='lat' dir='ltr'>omnes</span> <span class='ocrx_word' id='word_1_25' title='bbox 1099 871 1201 935; x_wconf 94' lang='lat' dir='ltr'>male</span> <span class='ocrx_word' id='word_1_26' title='bbox 1220 870 1421 935; x_wconf 89' lang='lat' dir='ltr'>habentes</span> 
     </span>
     <span class='ocr_line' id='line_1_5' title="bbox 271 976 1422 1061; baseline -0.003 -17"><span class='ocrx_word' id='word_1_27' title='bbox 271 980 445 1058; x_wconf 89' lang='lat' dir='ltr'>curauit,</span> <span class='ocrx_word' id='word_1_28' title='bbox 479 978 551 1044; x_wconf 78' lang='lat' dir='ltr'>¹⁷ut</span> <span class='ocrx_word' id='word_1_29' title='bbox 584 978 881 1060; x_wconf 84' lang='lat' dir='ltr'>adimpleretur</span> <span class='ocrx_word' id='word_1_30' title='bbox 918 976 1023 1061; x_wconf 87' lang='lat' dir='ltr'>quod</span> <span class='ocrx_word' id='word_1_31' title='bbox 1060 978 1215 1042; x_wconf 92' lang='lat' dir='ltr'>dictum</span> <span class='ocrx_word' id='word_1_32' title='bbox 1253 980 1315 1041; x_wconf 88' lang='lat' dir='ltr'>est</span> <span class='ocrx_word' id='word_1_33' title='bbox 1352 995 1422 1060; x_wconf 88' lang='lat' dir='ltr'>per</span> 
     </span>
     <span class='ocr_line' id='line_1_6' title="bbox 269 1082 1462 1169; baseline -0.003 -19"><span class='ocrx_word' id='word_1_34' title='bbox 269 1087 429 1151; x_wconf 78' lang='lat' dir='ltr'>Esaiam</span> <span class='ocrx_word' id='word_1_35' title='bbox 471 1085 711 1169; x_wconf 87' lang='lat' dir='ltr'>prophetam</span> <span class='ocrx_word' id='word_1_36' title='bbox 753 1084 970 1150; x_wconf 79' lang='lat' dir='ltr'>dicentem:</span> <span class='ocrx_word' id='word_1_37' title='bbox 1011 1084 1100 1167; x_wconf 88' lang='lat' dir='ltr'>ipse</span> <span class='ocrx_word' id='word_1_38' title='bbox 1140 1082 1462 1147; x_wconf 81' lang='lat' dir='ltr'>infirmitatesa</span> 
     </span>
     <span class='ocr_line' id='line_1_7' title="bbox 269 1189 1421 1277; baseline -0.003 -20"><span class='ocrx_word' id='word_1_39' title='bbox 269 1197 433 1257; x_wconf 88' lang='lat' dir='ltr'>nostras</span> <span class='ocrx_word' id='word_1_40' title='bbox 462 1193 625 1276; x_wconf 87' lang='lat' dir='ltr'>aceepit</span> <span class='ocrx_word' id='word_1_41' title='bbox 653 1195 693 1257; x_wconf 88' lang='lat' dir='ltr'>et</span> <span class='ocrx_word' id='word_1_42' title='bbox 722 1192 1032 1277; x_wconf 83' lang='lat' dir='ltr'>aegrotationes</span> <span class='ocrx_word' id='word_1_43' title='bbox 1060 1189 1257 1275; x_wconf 84' lang='lat' dir='ltr'>portauit.</span> <span class='ocrx_word' id='word_1_44' title='bbox 1286 1190 1347 1255; x_wconf 91' lang='lat' dir='ltr'>hoc</span> <span class='ocrx_word' id='word_1_45' title='bbox 1380 1189 1421 1253; x_wconf 88' lang='lat' dir='ltr'>ad</span> 
     </span>
     <span class='ocr_line' id='line_1_8' title="bbox 269 1297 1422 1383; baseline -0.003 -19"><span class='ocrx_word' id='word_1_46' title='bbox 269 1298 413 1366; x_wconf 88' lang='lat' dir='ltr'>eiusdem</span> <span class='ocrx_word' id='word_1_47' title='bbox 441 1299 504 1364; x_wconf 90' lang='lat' dir='ltr'>diei</span> <span class='ocrx_word' id='word_1_48' title='bbox 535 1303 663 1382; x_wconf 87' lang='lat' dir='ltr'>tempus</span> <span class='ocrx_word' id='word_1_49' title='bbox 698 1299 855 1383; x_wconf 84' lang='lat' dir='ltr'>pertinere</span> <span class='ocrx_word' id='word_1_50' title='bbox 888 1298 966 1363; x_wconf 85' lang='lat' dir='ltr'>satis</span> <span class='ocrx_word' id='word_1_51' title='bbox 993 1297 1122 1377; x_wconf 88' lang='lat' dir='ltr'>indicat,</span> <span class='ocrx_word' id='word_1_52' title='bbox 1152 1316 1225 1363; x_wconf 92' lang='lat' dir='ltr'>cum</span> <span class='ocrx_word' id='word_1_53' title='bbox 1255 1297 1422 1381; x_wconf 86' lang='lat' dir='ltr'>coniungit</span> 
     </span>
     <span class='ocr_line' id='line_1_9' title="bbox 268 1404 1420 1488; baseline -0.001 -18"><span class='ocrx_word' id='word_1_54' title='bbox 268 1425 441 1488; x_wconf 89' lang='lat' dir='ltr'>uespere</span> <span class='ocrx_word' id='word_1_55' title='bbox 469 1409 601 1471; x_wconf 91' lang='lat' dir='ltr'>autem</span> <span class='ocrx_word' id='word_1_56' title='bbox 630 1407 752 1471; x_wconf 85' lang='lat' dir='ltr'>facto.</span> <span class='ocrx_word' id='word_1_57' title='bbox 776 1405 823 1470; x_wconf 89' lang='lat' dir='ltr'>sic</span> <span class='ocrx_word' id='word_1_58' title='bbox 847 1408 879 1471; x_wconf 90' lang='lat' dir='ltr'>et</span> <span class='ocrx_word' id='word_1_59' title='bbox 901 1405 1040 1487; x_wconf 91' lang='lat' dir='ltr'>Marcus,</span> <span class='ocrx_word' id='word_1_60' title='bbox 1065 1422 1138 1468; x_wconf 90' lang='lat' dir='ltr'>cum</span> <span class='ocrx_word' id='word_1_61' title='bbox 1167 1404 1205 1469; x_wconf 91' lang='lat' dir='ltr'>de</span> <span class='ocrx_word' id='word_1_62' title='bbox 1230 1404 1302 1486; x_wconf 87' lang='lat' dir='ltr'>ipsa</span> <span class='ocrx_word' id='word_1_63' title='bbox 1325 1422 1420 1469; x_wconf 91' lang='lat' dir='ltr'>socru</span> 
     </span>
     <span class='ocr_line' id='line_1_10' title="bbox 268 1511 1420 1589; baseline -0.002 -12"><span class='ocrx_word' id='word_1_64' title='bbox 268 1512 355 1577; x_wconf 89' lang='lat' dir='ltr'>Petri</span> <span class='ocrx_word' id='word_1_65' title='bbox 378 1516 488 1579; x_wconf 86' lang='lat' dir='ltr'>sanata</span> <span class='ocrx_word' id='word_1_66' title='bbox 511 1512 644 1578; x_wconf 80' lang='lat' dir='ltr'>dixisset</span> <span class='ocrx_word' id='word_1_67' title='bbox 671 1511 740 1577; x_wconf 81' lang='lat' dir='ltr'>³¹et</span> <span class='ocrx_word' id='word_1_68' title='bbox 761 1512 1027 1577; x_wconf 86' lang='lat' dir='ltr'>ministrabat</span> <span class='ocrx_word' id='word_1_69' title='bbox 1050 1511 1121 1589; x_wconf 90' lang='lat' dir='ltr'>eis,</span> <span class='ocrx_word' id='word_1_70' title='bbox 1145 1511 1205 1575; x_wconf 91' lang='lat' dir='ltr'>boc</span> <span class='ocrx_word' id='word_1_71' title='bbox 1232 1511 1317 1575; x_wconf 91' lang='lat' dir='ltr'>idem</span> <span class='ocrx_word' id='word_1_72' title='bbox 1345 1511 1420 1575; x_wconf 90' lang='lat' dir='ltr'>sub·</span> 
     </span>
     <span class='ocr_line' id='line_1_11' title="bbox 266 1610 1566 1701; baseline 0.003 -18"><span class='ocrx_word' id='word_1_73' title='bbox 266 1619 357 1684; x_wconf 90' lang='lat' dir='ltr'>iecit:</span> <span class='ocrx_word' id='word_1_74' title='bbox 393 1619 593 1701; x_wconf 77' lang='lat' dir='ltr'>³²uespere</span> <span class='ocrx_word' id='word_1_75' title='bbox 627 1610 761 1685; x_wconf 83' lang='lat' dir='ltr'>autem</span> <span class='ocrx_word' id='word_1_76' title='bbox 799 1620 911 1683; x_wconf 89' lang='lat' dir='ltr'>facto</span> <span class='ocrx_word' id='word_1_77' title='bbox 949 1638 1035 1683; x_wconf 90' lang='lat' dir='ltr'>cum</span> <span class='ocrx_word' id='word_1_78' title='bbox 1078 1617 1307 1683; x_wconf 87' lang='lat' dir='ltr'>occidisset</span> <span class='ocrx_word' id='word_1_79' title='bbox 1344 1619 1464 1698; x_wconf 87' lang='lat' dir='ltr'>sol,1o</span> <span class='ocrx_word' id='word_1_80' title='bbox 1565 1650 1566 1687; x_wconf 64' lang='lat' dir='ltr'>r</span> 
     </span>
     <span class='ocr_line' id='line_1_12' title="bbox 269 1725 1418 1791; baseline 0 0"><span class='ocrx_word' id='word_1_81' title='bbox 269 1725 500 1791; x_wconf 87' lang='lat' dir='ltr'>afferebant</span> <span class='ocrx_word' id='word_1_82' title='bbox 537 1725 582 1789; x_wconf 91' lang='lat' dir='ltr'>ad</span> <span class='ocrx_word' id='word_1_83' title='bbox 623 1745 710 1791; x_wconf 90' lang='lat' dir='ltr'>eum</span> <span class='ocrx_word' id='word_1_84' title='bbox 753 1745 887 1791; x_wconf 90' lang='lat' dir='ltr'>omnes</span> <span class='ocrx_word' id='word_1_85' title='bbox 920 1727 1023 1791; x_wconf 89' lang='lat' dir='ltr'>male</span> <span class='ocrx_word' id='word_1_86' title='bbox 1055 1726 1253 1791; x_wconf 88' lang='lat' dir='ltr'>babentes</span> <span class='ocrx_word' id='word_1_87' title='bbox 1287 1729 1326 1791; x_wconf 90' lang='lat' dir='ltr'>et</span> <span class='ocrx_word' id='word_1_88' title='bbox 1359 1727 1418 1791; x_wconf 91' lang='lat' dir='ltr'>de·</span> 
     </span>
     <span class='ocr_line' id='line_1_13' title="bbox 266 1831 1419 1917; baseline 0.003 -22"><span class='ocrx_word' id='word_1_89' title='bbox 266 1831 400 1896; x_wconf 91' lang='lat' dir='ltr'>monia</span> <span class='ocrx_word' id='word_1_90' title='bbox 417 1832 625 1910; x_wconf 84' lang='lat' dir='ltr'>habentes,</span> <span class='ocrx_word' id='word_1_91' title='bbox 647 1831 715 1897; x_wconf 66' lang='lat' dir='ltr'>³⁸et</span> <span class='ocrx_word' id='word_1_92' title='bbox 732 1836 820 1897; x_wconf 90' lang='lat' dir='ltr'>erat</span> <span class='ocrx_word' id='word_1_93' title='bbox 844 1834 972 1898; x_wconf 92' lang='lat' dir='ltr'>omnis</span> <span class='ocrx_word' id='word_1_94' title='bbox 992 1833 1146 1898; x_wconf 86' lang='lat' dir='ltr'>ciuitas</span> <span class='ocrx_word' id='word_1_95' title='bbox 1167 1837 1419 1917; x_wconf 89' lang='lat' dir='ltr'>congregata</span> 
     </span>
     <span class='ocr_line' id='line_1_14' title="bbox 268 1937 1417 2022; baseline 0 -19"><span class='ocrx_word' id='word_1_96' title='bbox 268 1937 314 2003; x_wconf 89' lang='lat' dir='ltr'>ad</span> <span class='ocrx_word' id='word_1_97' title='bbox 351 1937 521 2003; x_wconf 88' lang='lat' dir='ltr'>ianuam.</span> <span class='ocrx_word' id='word_1_98' title='bbox 564 1937 633 2003; x_wconf 65' lang='lat' dir='ltr'>³4et</span> <span class='ocrx_word' id='word_1_99' title='bbox 669 1940 833 2004; x_wconf 90' lang='lat' dir='ltr'>curauit</span> <span class='ocrx_word' id='word_1_100' title='bbox 868 1940 1019 2005; x_wconf 87' lang='lat' dir='ltr'>multos</span> <span class='ocrx_word' id='word_1_101' title='bbox 1058 1939 1125 2022; x_wconf 92' lang='lat' dir='ltr'>qui</span> <span class='ocrx_word' id='word_1_102' title='bbox 1162 1938 1417 2004; x_wconf 80' lang='lat' dir='ltr'>uexabantur</span> 
     </span>
     <span class='ocr_line' id='line_1_15' title="bbox 267 2044 1418 2129; baseline 0.002 -21"><span class='ocrx_word' id='word_1_103' title='bbox 267 2044 398 2109; x_wconf 90' lang='lat' dir='ltr'>uariis</span> <span class='ocrx_word' id='word_1_104' title='bbox 444 2045 715 2129; x_wconf 87' lang='lat' dir='ltr'>languoribus</span> <span class='ocrx_word' id='word_1_105' title='bbox 762 2049 802 2110; x_wconf 92' lang='lat' dir='ltr'>et</span> <span class='ocrx_word' id='word_1_106' title='bbox 844 2046 1029 2111; x_wconf 89' lang='lat' dir='ltr'>demonia</span> <span class='ocrx_word' id='word_1_107' title='bbox 1070 2047 1198 2110; x_wconf 88' lang='lat' dir='ltr'>multa</span> <span class='ocrx_word' id='word_1_108' title='bbox 1235 2046 1418 2111; x_wconf 77' lang='lat' dir='ltr'>eiciebat</span> 
     </span>
     <span class='ocr_line' id='line_1_16' title="bbox 268 2151 1462 2235; baseline 0 -22"><span class='ocrx_word' id='word_1_109' title='bbox 268 2153 307 2214; x_wconf 91' lang='lat' dir='ltr'>et</span> <span class='ocrx_word' id='word_1_110' title='bbox 339 2171 413 2216; x_wconf 91' lang='lat' dir='ltr'>non</span> <span class='ocrx_word' id='word_1_111' title='bbox 446 2152 609 2217; x_wconf 89' lang='lat' dir='ltr'>sinebat</span> <span class='ocrx_word' id='word_1_112' title='bbox 641 2171 685 2217; x_wconf 88' lang='lat' dir='ltr'>ea</span> <span class='ocrx_word' id='word_1_113' title='bbox 715 2151 840 2234; x_wconf 90' lang='lat' dir='ltr'>loqui,</span> <span class='ocrx_word' id='word_1_114' title='bbox 875 2152 1062 2235; x_wconf 88' lang='lat' dir='ltr'>quoniam</span> <span class='ocrx_word' id='word_1_115' title='bbox 1096 2152 1285 2217; x_wconf 89' lang='lat' dir='ltr'>sciebant</span> <span class='ocrx_word' id='word_1_116' title='bbox 1316 2169 1462 2217; x_wconf 75' lang='lat' dir='ltr'>eum-1⁵</span> 
     </span>
     <span class='ocr_line' id='line_1_17' title="bbox 268 2257 1416 2345; baseline 0.001 -23"><span class='ocrx_word' id='word_1_117' title='bbox 268 2257 337 2322; x_wconf 80' lang='lat' dir='ltr'>³⁵et</span> <span class='ocrx_word' id='word_1_118' title='bbox 378 2259 566 2324; x_wconf 89' lang='lat' dir='ltr'>diluculo</span> <span class='ocrx_word' id='word_1_119' title='bbox 607 2258 728 2324; x_wconf 89' lang='lat' dir='ltr'>ualde</span> <span class='ocrx_word' id='word_1_120' title='bbox 770 2278 943 2343; x_wconf 85' lang='lat' dir='ltr'>surgens</span> <span class='ocrx_word' id='word_1_121' title='bbox 986 2278 1180 2345; x_wconf 89' lang='lat' dir='ltr'>egressus</span> <span class='ocrx_word' id='word_1_122' title='bbox 1227 2258 1332 2323; x_wconf 92' lang='lat' dir='ltr'>abiit</span> <span class='ocrx_word' id='word_1_123' title='bbox 1377 2258 1416 2323; x_wconf 94' lang='lat' dir='ltr'>in</span> 
     </span>
     <span class='ocr_line' id='line_1_18' title="bbox 268 2364 1418 2444; baseline 0.002 -15"><span class='ocrx_word' id='word_1_124' title='bbox 268 2365 474 2430; x_wconf 83' lang='lat' dir='ltr'>desertum</span> <span class='ocrx_word' id='word_1_125' title='bbox 497 2365 640 2431; x_wconf 91' lang='lat' dir='ltr'>locum.</span> <span class='ocrx_word' id='word_1_126' title='bbox 664 2364 792 2430; x_wconf 89' lang='lat' dir='ltr'>uidetur</span> <span class='ocrx_word' id='word_1_127' title='bbox 815 2366 867 2431; x_wconf 93' lang='lat' dir='ltr'>bic</span> <span class='ocrx_word' id='word_1_128' title='bbox 891 2366 1031 2432; x_wconf 89' lang='lat' dir='ltr'>ordinem</span> <span class='ocrx_word' id='word_1_129' title='bbox 1053 2366 1197 2431; x_wconf 89' lang='lat' dir='ltr'>tenuisse</span> <span class='ocrx_word' id='word_1_130' title='bbox 1217 2366 1355 2444; x_wconf 82' lang='lat' dir='ltr'>Marone,</span> <span class='ocrx_word' id='word_1_131' title='bbox 1380 2370 1418 2431; x_wconf 90' lang='lat' dir='ltr'>ut</span> 
     </span>
     <span class='ocr_line' id='line_1_19' title="bbox 267 2471 1416 2554; baseline 0.003 -18"><span class='ocrx_word' id='word_1_132' title='bbox 267 2475 341 2554; x_wconf 88' lang='lat' dir='ltr'>post</span> <span class='ocrx_word' id='word_1_133' title='bbox 363 2472 444 2537; x_wconf 90' lang='lat' dir='ltr'>illud</span> <span class='ocrx_word' id='word_1_134' title='bbox 468 2471 554 2554; x_wconf 90' lang='lat' dir='ltr'>quod</span> <span class='ocrx_word' id='word_1_135' title='bbox 577 2472 698 2537; x_wconf 92' lang='lat' dir='ltr'>dictum</span> <span class='ocrx_word' id='word_1_136' title='bbox 728 2476 778 2537; x_wconf 89' lang='lat' dir='ltr'>est</span> <span class='ocrx_word' id='word_1_137' title='bbox 805 2491 973 2554; x_wconf 88' lang='lat' dir='ltr'>uespere</span> <span class='ocrx_word' id='word_1_138' title='bbox 1002 2476 1133 2537; x_wconf 89' lang='lat' dir='ltr'>autem</span> <span class='ocrx_word' id='word_1_139' title='bbox 1161 2474 1273 2538; x_wconf 91' lang='lat' dir='ltr'>facto</span> <span class='ocrx_word' id='word_1_140' title='bbox 1305 2472 1416 2539; x_wconf 90' lang='lat' dir='ltr'>deinde</span> 
     </span>
     <span class='ocr_line' id='line_1_20' title="bbox 268 2578 1416 2665; baseline 0.002 -23"><span class='ocrx_word' id='word_1_141' title='bbox 268 2578 387 2644; x_wconf 90' lang='lat' dir='ltr'>diceret</span> <span class='ocrx_word' id='word_1_142' title='bbox 420 2583 458 2644; x_wconf 88' lang='lat' dir='ltr'>et</span> <span class='ocrx_word' id='word_1_143' title='bbox 490 2579 676 2644; x_wconf 91' lang='lat' dir='ltr'>diluculo</span> <span class='ocrx_word' id='word_1_144' title='bbox 709 2578 830 2644; x_wconf 93' lang='lat' dir='ltr'>ualde</span> <span class='ocrx_word' id='word_1_145' title='bbox 859 2598 1042 2665; x_wconf 86' lang='lat' dir='ltr'>surgens.</span> <span class='ocrx_word' id='word_1_146' title='bbox 1072 2579 1219 2663; x_wconf 86' lang='lat' dir='ltr'>quamuis</span> <span class='ocrx_word' id='word_1_147' title='bbox 1247 2599 1305 2645; x_wconf 90' lang='lat' dir='ltr'>nec</span> <span class='ocrx_word' id='word_1_148' title='bbox 1333 2579 1416 2644; x_wconf 92' lang='lat' dir='ltr'>illud</span> 
     </span>
     <span class='ocr_line' id='line_1_21' title="bbox 266 2686 1461 2769; baseline -0.003 -20"><span class='ocrx_word' id='word_1_149' title='bbox 266 2704 398 2751; x_wconf 88' lang='lat' dir='ltr'>necesse</span> <span class='ocrx_word' id='word_1_150' title='bbox 421 2687 474 2761; x_wconf 93' lang='lat' dir='ltr'>sit,</span> <span class='ocrx_word' id='word_1_151' title='bbox 494 2686 550 2751; x_wconf 93' lang='lat' dir='ltr'>ubi</span> <span class='ocrx_word' id='word_1_152' title='bbox 575 2686 690 2752; x_wconf 89' lang='lat' dir='ltr'>dicitur</span> <span class='ocrx_word' id='word_1_153' title='bbox 708 2692 851 2769; x_wconf 86' lang='lat' dir='ltr'>‘uespere</span> <span class='ocrx_word' id='word_1_154' title='bbox 870 2687 976 2765; x_wconf 83' lang='lat' dir='ltr'>facto‘,</span> <span class='ocrx_word' id='word_1_155' title='bbox 995 2686 1137 2751; x_wconf 91' lang='lat' dir='ltr'>eiusdem</span> <span class='ocrx_word' id='word_1_156' title='bbox 1156 2686 1220 2751; x_wconf 91' lang='lat' dir='ltr'>diei</span> <span class='ocrx_word' id='word_1_157' title='bbox 1244 2706 1415 2769; x_wconf 87' lang='lat' dir='ltr'>uesperum</span> <span class='ocrx_word' id='word_1_158' title='bbox 1435 2706 1461 2746; x_wconf 82' lang='lat' dir='ltr'>so</span> 
     </span>
     <span class='ocr_line' id='line_1_22' title="bbox 267 2792 1413 2875; baseline 0.003 -20"><span class='ocrx_word' id='word_1_159' title='bbox 267 2792 419 2875; x_wconf 88' lang='lat' dir='ltr'>accipere,</span> <span class='ocrx_word' id='word_1_160' title='bbox 440 2810 498 2858; x_wconf 86' lang='lat' dir='ltr'>nec</span> <span class='ocrx_word' id='word_1_161' title='bbox 519 2792 575 2857; x_wconf 92' lang='lat' dir='ltr'>ubi</span> <span class='ocrx_word' id='word_1_162' title='bbox 596 2792 711 2857; x_wconf 89' lang='lat' dir='ltr'>dicitur</span> <span class='ocrx_word' id='word_1_163' title='bbox 735 2792 911 2869; x_wconf 85' lang='lat' dir='ltr'>‘diluculo‘,</span> <span class='ocrx_word' id='word_1_164' title='bbox 934 2792 1077 2859; x_wconf 90' lang='lat' dir='ltr'>eiusdem</span> <span class='ocrx_word' id='word_1_165' title='bbox 1098 2793 1201 2858; x_wconf 88' lang='lat' dir='ltr'>noctis</span> <span class='ocrx_word' id='word_1_166' title='bbox 1224 2793 1413 2873; x_wconf 87' lang='lat' dir='ltr'>diluculum,</span> 
     </span>
     <span class='ocr_line' id='line_1_23' title="bbox 265 2898 1413 2984; baseline 0.002 -21"><span class='ocrx_word' id='word_1_167' title='bbox 265 2901 371 2963; x_wconf 89' lang='lat' dir='ltr'>tamen</span> <span class='ocrx_word' id='word_1_168' title='bbox 394 2900 568 2979; x_wconf 90' lang='lat' dir='ltr'>utcumque</span> <span class='ocrx_word' id='word_1_169' title='bbox 591 2898 693 2962; x_wconf 90' lang='lat' dir='ltr'>uideri</span> <span class='ocrx_word' id='word_1_170' title='bbox 715 2902 823 2983; x_wconf 84' lang='lat' dir='ltr'>potest</span> <span class='ocrx_word' id='word_1_171' title='bbox 850 2899 901 2964; x_wconf 91' lang='lat' dir='ltr'>bic</span> <span class='ocrx_word' id='word_1_172' title='bbox 929 2918 1034 2964; x_wconf 90' lang='lat' dir='ltr'>rerum</span> <span class='ocrx_word' id='word_1_173' title='bbox 1064 2903 1227 2984; x_wconf 87' lang='lat' dir='ltr'>gestarum</span> <span class='ocrx_word' id='word_1_174' title='bbox 1250 2901 1325 2965; x_wconf 93' lang='lat' dir='ltr'>ordo</span> <span class='ocrx_word' id='word_1_175' title='bbox 1350 2920 1413 2965; x_wconf 91' lang='lat' dir='ltr'>ser·</span> 
     </span>
     <span class='ocr_line' id='line_1_24' title="bbox 266 3006 1412 3089; baseline 0.003 -21"><span class='ocrx_word' id='word_1_176' title='bbox 266 3008 361 3069; x_wconf 87' lang='lat' dir='ltr'>uatus</span> <span class='ocrx_word' id='word_1_177' title='bbox 393 3009 522 3087; x_wconf 86' lang='lat' dir='ltr'>propter</span> <span class='ocrx_word' id='word_1_178' title='bbox 552 3006 713 3089; x_wconf 89' lang='lat' dir='ltr'>digestum</span> <span class='ocrx_word' id='word_1_179' title='bbox 745 3006 886 3071; x_wconf 90' lang='lat' dir='ltr'>ordinem</span> <span class='ocrx_word' id='word_1_180' title='bbox 917 3010 1108 3089; x_wconf 87' lang='lat' dir='ltr'>temporum.</span> <span class='ocrx_word' id='word_1_181' title='bbox 1140 3007 1242 3071; x_wconf 85' lang='lat' dir='ltr'>Lucas</span> <span class='ocrx_word' id='word_1_182' title='bbox 1276 3024 1412 3089; x_wconf 89' lang='lat' dir='ltr'>quoque,</span> 
     </span>
     <span class='ocr_line' id='line_1_25' title="bbox 266 3111 1412 3197; baseline 0.001 -22"><span class='ocrx_word' id='word_1_183' title='bbox 266 3130 339 3176; x_wconf 92' lang='lat' dir='ltr'>cum</span> <span class='ocrx_word' id='word_1_184' title='bbox 368 3111 406 3176; x_wconf 88' lang='lat' dir='ltr'>de</span> <span class='ocrx_word' id='word_1_185' title='bbox 435 3130 527 3177; x_wconf 88' lang='lat' dir='ltr'>socru</span> <span class='ocrx_word' id='word_1_186' title='bbox 555 3112 641 3176; x_wconf 92' lang='lat' dir='ltr'>Petri</span> <span class='ocrx_word' id='word_1_187' title='bbox 667 3115 837 3192; x_wconf 84' lang='lat' dir='ltr'>narrasset,</span> <span class='ocrx_word' id='word_1_188' title='bbox 866 3132 927 3177; x_wconf 92' lang='lat' dir='ltr'>non</span> <span class='ocrx_word' id='word_1_189' title='bbox 955 3112 1000 3177; x_wconf 90' lang='lat' dir='ltr'>ait</span> <span class='ocrx_word' id='word_1_190' title='bbox 1027 3113 1097 3195; x_wconf 89' lang='lat' dir='ltr'>ipse</span> <span class='ocrx_word' id='word_1_191' title='bbox 1129 3119 1272 3197; x_wconf 82' lang='lat' dir='ltr'>‘uespere</span> <span class='ocrx_word' id='word_1_192' title='bbox 1304 3115 1412 3177; x_wconf 88' lang='lat' dir='ltr'>autem</span> 
     </span>
    </p>
   </div>
   <div class='ocr_carea' id='block_1_3' title="bbox 356 3354 1310 3424">
    <p class='ocr_par' dir='ltr' id='par_1_3' title="bbox 356 3354 1310 3424">
     <span class='ocr_line' id='line_1_26' title="bbox 356 3354 1310 3424; baseline 0 -14"><span class='ocrx_word' id='word_1_193' title='bbox 356 3358 368 3410; x_wconf 93' lang='lat'>1</span> <span class='ocrx_word' id='word_1_194' title='bbox 391 3355 506 3411; x_wconf 65' lang='lat' dir='ltr'>rueres.</span> <span class='ocrx_word' id='word_1_195' title='bbox 524 3355 551 3423; x_wconf 87' lang='lat' dir='ltr'>e,</span> <span class='ocrx_word' id='word_1_196' title='bbox 571 3356 605 3409; x_wconf 87' lang='lat' dir='ltr'>rc</span> <span class='ocrx_word' id='word_1_197' title='bbox 624 3358 652 3408; x_wconf 74' lang='lat' dir='ltr'>er</span> <span class='ocrx_word' id='word_1_198' title='bbox 673 3354 704 3408; x_wconf 81' lang='lat'>17</span> <span class='ocrx_word' id='word_1_199' title='bbox 759 3354 867 3408; x_wconf 71' lang='lat' dir='ltr'>ensa.</span> <span class='ocrx_word' id='word_1_200' title='bbox 887 3356 930 3424; x_wconf 85' lang='lat'>53,</span> <span class='ocrx_word' id='word_1_201' title='bbox 948 3356 966 3409; x_wconf 84' lang='lat'>4</span> <span class='ocrx_word' id='word_1_202' title='bbox 1021 3356 1037 3409; x_wconf 90' lang='lat'>9</span> <span class='ocrx_word' id='word_1_203' title='bbox 1056 3356 1139 3410; x_wconf 73' lang='lat' dir='ltr'>rra-o.</span> <span class='ocrx_word' id='word_1_204' title='bbox 1160 3356 1184 3423; x_wconf 90' lang='lat'>1,</span> <span class='ocrx_word' id='word_1_205' title='bbox 1203 3354 1310 3410; x_wconf 75' lang='lat' dir='ltr'>se-es</span> 
     </span>
    </p>
   </div>
   <div class='ocr_carea' id='block_1_4' title="bbox 263 3478 1414 4423">
    <p class='ocr_par' dir='ltr' id='par_1_4' title="bbox 300 3478 1412 3550">
     <span class='ocr_line' id='line_1_27' title="bbox 300 3478 1412 3550; baseline -0.003 -15"><span class='ocrx_word' id='word_1_206' title='bbox 300 3483 317 3535; x_wconf 88' lang='lat'><strong>3</strong></span> <span class='ocrx_word' id='word_1_207' title='bbox 336 3481 463 3550; x_wconf 87' lang='lat' dir='ltr'>eiciebat]</span> <span class='ocrx_word' id='word_1_208' title='bbox 482 3480 549 3537; x_wconf 83' lang='lat' dir='ltr'>cdd.</span> <span class='ocrx_word' id='word_1_209' title='bbox 568 3497 599 3533; x_wconf 91' lang='lat' dir='ltr'>eo</span> <span class='ocrx_word' id='word_1_210' title='bbox 618 3479 685 3535; x_wconf 62' lang='grc' dir='ltr'>ΒΨ,</span> <span class='ocrx_word' id='word_1_211' title='bbox 720 3481 738 3533; x_wconf 84' lang='lat'><strong>4</strong></span> <span class='ocrx_word' id='word_1_212' title='bbox 757 3481 864 3535; x_wconf 83' lang='lat' dir='ltr'>curabit</span> <span class='ocrx_word' id='word_1_213' title='bbox 881 3480 908 3535; x_wconf 99' lang='grc' dir='ltr'><strong><em>Β</em></strong></span> <span class='ocrx_word' id='word_1_214' title='bbox 962 3479 1121 3549; x_wconf 86' lang='lat' dir='ltr'>impleretur</span> <span class='ocrx_word' id='word_1_215' title='bbox 1144 3478 1176 3544; x_wconf 87' lang='lat' dir='ltr'>V,</span> <span class='ocrx_word' id='word_1_216' title='bbox 1195 3478 1378 3550; x_wconf 83' lang='lat' dir='ltr'>adimpleatur</span> <span class='ocrx_word' id='word_1_217' title='bbox 1394 3497 1412 3549; x_wconf 78' lang='lat' dir='ltr'><strong><em>y</em></strong></span> 
     </span>
    </p>

    <p class='ocr_par' dir='ltr' id='par_1_5' title="bbox 263 3567 1414 4423">
     <span class='ocr_line' id='line_1_28' title="bbox 265 3567 1411 3639; baseline -0.001 -17"><span class='ocrx_word' id='word_1_218' title='bbox 265 3568 379 3639; x_wconf 90' lang='lat' dir='ltr'>dictum]</span> <span class='ocrx_word' id='word_1_219' title='bbox 399 3569 531 3639; x_wconf 89' lang='lat' dir='ltr'>scriptum</span> <span class='ocrx_word' id='word_1_220' title='bbox 548 3570 585 3623; x_wconf 88' lang='lat' dir='ltr'><strong><em>M</em></strong></span> <span class='ocrx_word' id='word_1_221' title='bbox 656 3572 672 3624; x_wconf 88' lang='lat'>5</span> <span class='ocrx_word' id='word_1_222' title='bbox 691 3570 792 3623; x_wconf 85' lang='lat' dir='ltr'>eseiam</span> <span class='ocrx_word' id='word_1_223' title='bbox 810 3569 846 3631; x_wconf 91' lang='lat' dir='ltr'>B,</span> <span class='ocrx_word' id='word_1_224' title='bbox 866 3568 961 3621; x_wconf 85' lang='lat' dir='ltr'>isaiam</span> <span class='ocrx_word' id='word_1_225' title='bbox 978 3567 1005 3621; x_wconf 88' lang='lat' dir='ltr'><strong><em>L</em></strong></span> <span class='ocrx_word' id='word_1_226' title='bbox 1073 3569 1089 3621; x_wconf 91' lang='grc'><strong>6</strong></span> <span class='ocrx_word' id='word_1_227' title='bbox 1108 3568 1322 3638; x_wconf 83' lang='lat' dir='ltr'>aegrotationes]</span> <span class='ocrx_word' id='word_1_228' title='bbox 1344 3568 1411 3621; x_wconf 74' lang='lat' dir='ltr'>cdd.</span> 
     </span>
     <span class='ocr_line' id='line_1_29' title="bbox 263 3655 1412 3728; baseline -0.002 -17"><span class='ocrx_word' id='word_1_229' title='bbox 263 3661 371 3712; x_wconf 88' lang='lat' dir='ltr'>nostras</span> <span class='ocrx_word' id='word_1_230' title='bbox 389 3659 419 3713; x_wconf 92' lang='lat' dir='ltr'><strong><em>D</em></strong></span> <span class='ocrx_word' id='word_1_231' title='bbox 440 3658 593 3728; x_wconf 75' lang='lat' dir='ltr'>Qraclv</span> <span class='ocrx_word' id='word_1_232' title='bbox 639 3658 829 3727; x_wconf 72' lang='lat' dir='ltr'>lconiungit]</span> <span class='ocrx_word' id='word_1_233' title='bbox 849 3657 990 3726; x_wconf 85' lang='lat' dir='ltr'>subiungit</span> <span class='ocrx_word' id='word_1_234' title='bbox 1013 3655 1040 3710; x_wconf 89' lang='lat' dir='ltr'><strong><em>V</em></strong></span> <span class='ocrx_word' id='word_1_235' title='bbox 1083 3657 1114 3711; x_wconf 94' lang='lat' dir='ltr'>ll</span> <span class='ocrx_word' id='word_1_236' title='bbox 1136 3656 1319 3727; x_wconf 76' lang='lat' dir='ltr'>offerebantg</span> <span class='ocrx_word' id='word_1_237' title='bbox 1383 3659 1412 3709; x_wconf 91' lang='lat' dir='ltr'>et</span> 
     </span>
     <span class='ocr_line' id='line_1_30' title="bbox 264 3744 1411 3814; baseline -0.003 -11"><span class='ocrx_word' id='word_1_238' title='bbox 264 3747 289 3803; x_wconf 88' lang='lat' dir='ltr'>d.</span> <span class='ocrx_word' id='word_1_239' title='bbox 309 3747 442 3802; x_wconf 86' lang='lat' dir='ltr'>habentes</span> <span class='ocrx_word' id='word_1_240' title='bbox 460 3765 511 3804; x_wconf 84' lang='lat' dir='ltr'>om.</span> <span class='ocrx_word' id='word_1_241' title='bbox 530 3748 568 3801; x_wconf 88' lang='lat' dir='ltr'><strong><em>M</em></strong></span> <span class='ocrx_word' id='word_1_242' title='bbox 583 3746 699 3802; x_wconf 81' lang='lat' dir='ltr'><em>AELU</em></span> <span class='ocrx_word' id='word_1_243' title='bbox 750 3748 782 3802; x_wconf 98' lang='grc'>12</span> <span class='ocrx_word' id='word_1_244' title='bbox 802 3763 894 3801; x_wconf 87' lang='lat' dir='ltr'>omnes</span> <span class='ocrx_word' id='word_1_245' title='bbox 915 3745 977 3800; x_wconf 76' lang='grc' dir='ltr'>ΟΨ</span> <span class='ocrx_word' id='word_1_246' title='bbox 1030 3746 1063 3799; x_wconf 88' lang='grc'>13</span> <span class='ocrx_word' id='word_1_247' title='bbox 1082 3744 1129 3814; x_wconf 83' lang='lat' dir='ltr'>ad]</span> <span class='ocrx_word' id='word_1_248' title='bbox 1149 3744 1260 3799; x_wconf 84' lang='lat' dir='ltr'>anteV</span> <span class='ocrx_word' id='word_1_249' title='bbox 1330 3762 1411 3799; x_wconf 86' lang='lat' dir='ltr'>uexe-</span> 
     </span>
     <span class='ocr_line' id='line_1_31' title="bbox 263 3833 1413 3906; baseline -0.003 -15"><span class='ocrx_word' id='word_1_250' title='bbox 263 3836 365 3891; x_wconf 89' lang='lat' dir='ltr'>bantur</span> <span class='ocrx_word' id='word_1_251' title='bbox 382 3836 420 3889; x_wconf 87' lang='grc' dir='ltr'><em>Μ</em></span> <span class='ocrx_word' id='word_1_252' title='bbox 468 3838 502 3890; x_wconf 86' lang='grc'>14</span> <span class='ocrx_word' id='word_1_253' title='bbox 519 3836 612 3906; x_wconf 84' lang='lat' dir='ltr'>uariis]</span> <span class='ocrx_word' id='word_1_254' title='bbox 632 3854 648 3889; x_wconf 87' lang='lat' dir='ltr'>a</span> <span class='ocrx_word' id='word_1_255' title='bbox 666 3836 749 3891; x_wconf 86' lang='lat' dir='ltr'>uariis</span> <span class='ocrx_word' id='word_1_256' title='bbox 771 3836 797 3889; x_wconf 84' lang='lat' dir='ltr'><em>T</em></span> <span class='ocrx_word' id='word_1_257' title='bbox 813 3836 874 3905; x_wconf 78' lang='grc' dir='ltr'>Βγ</span> <span class='ocrx_word' id='word_1_258' title='bbox 946 3836 1033 3889; x_wconf 87' lang='lat' dir='ltr'>multa</span> <span class='ocrx_word' id='word_1_259' title='bbox 1051 3851 1102 3889; x_wconf 86' lang='lat' dir='ltr'>om.</span> <span class='ocrx_word' id='word_1_260' title='bbox 1121 3833 1266 3903; x_wconf 58' lang='lat' dir='ltr'><strong><em>AELUT</em></strong></span> <span class='ocrx_word' id='word_1_261' title='bbox 1313 3835 1346 3889; x_wconf 89' lang='grc'>16</span> <span class='ocrx_word' id='word_1_262' title='bbox 1366 3834 1413 3888; x_wconf 91' lang='lat' dir='ltr'>de·</span> 
     </span>
     <span class='ocr_line' id='line_1_32' title="bbox 263 3922 1414 3995; baseline 0.001 -18"><span class='ocrx_word' id='word_1_263' title='bbox 263 3924 354 3979; x_wconf 90' lang='lat' dir='ltr'>luculo</span> <span class='ocrx_word' id='word_1_264' title='bbox 376 3924 438 3979; x_wconf 86' lang='grc' dir='ltr'>ΟΨ</span> <span class='ocrx_word' id='word_1_265' title='bbox 544 3942 668 3995; x_wconf 87' lang='lat' dir='ltr'>egressus</span> <span class='ocrx_word' id='word_1_266' title='bbox 692 3925 805 3980; x_wconf 83' lang='lat' dir='ltr'><em>BRTD</em></span> <span class='ocrx_word' id='word_1_267' title='bbox 827 3923 891 3979; x_wconf 64' lang='lat'>0²1⁷</span> <span class='ocrx_word' id='word_1_268' title='bbox 908 3925 974 3979; x_wconf 86' lang='grc' dir='ltr'>ΝΜ</span> <span class='ocrx_word' id='word_1_269' title='bbox 990 3943 1024 3995; x_wconf 60' lang='lat' dir='ltr'>ag</span> <span class='ocrx_word' id='word_1_270' title='bbox 1041 3941 1091 3994; x_wconf 75' lang='lat' dir='ltr'>gc,</span> <span class='ocrx_word' id='word_1_271' title='bbox 1115 3939 1239 3993; x_wconf 87' lang='lat' dir='ltr'>egressus</span> <span class='ocrx_word' id='word_1_272' title='bbox 1259 3926 1288 3976; x_wconf 89' lang='lat' dir='ltr'>et</span> <span class='ocrx_word' id='word_1_273' title='bbox 1308 3922 1370 3977; x_wconf 76' lang='grc' dir='ltr'>ΟΨ</span> <span class='ocrx_word' id='word_1_274' title='bbox 1390 3922 1414 3978; x_wconf 92' lang='grc'><strong><em>0</em></strong></span> 
     </span>
     <span class='ocr_line' id='line_1_33' title="bbox 264 4012 1412 4085; baseline -0.002 -18"><span class='ocrx_word' id='word_1_275' title='bbox 264 4014 347 4082; x_wconf 78' lang='lat' dir='ltr'>(Gau.</span> <span class='ocrx_word' id='word_1_276' title='bbox 366 4014 440 4083; x_wconf 66' lang='lat' dir='ltr'>Eg),</span> <span class='ocrx_word' id='word_1_277' title='bbox 459 4031 583 4083; x_wconf 86' lang='lat' dir='ltr'>egressus</span> <span class='ocrx_word' id='word_1_278' title='bbox 602 4017 645 4069; x_wconf 89' lang='lat' dir='ltr'>est</span> <span class='ocrx_word' id='word_1_279' title='bbox 663 4017 691 4069; x_wconf 85' lang='lat' dir='ltr'>et</span> <span class='ocrx_word' id='word_1_280' title='bbox 709 4014 763 4084; x_wconf 64' lang='grc' dir='ltr'>ΒΟ</span> <span class='ocrx_word' id='word_1_281' title='bbox 780 4014 927 4069; x_wconf 86' lang='lat' dir='ltr'><strong><em>HAELU</em></strong></span> <span class='ocrx_word' id='word_1_282' title='bbox 940 4014 977 4085; x_wconf 76' lang='grc' dir='ltr'>γθ</span> <span class='ocrx_word' id='word_1_283' title='bbox 990 4014 1144 4082; x_wconf 74' lang='lat' dir='ltr'>praedm</span> <span class='ocrx_word' id='word_1_284' title='bbox 1162 4012 1259 4084; x_wconf 74' lang='lat' dir='ltr'>(roe),</span> <span class='ocrx_word' id='word_1_285' title='bbox 1278 4016 1321 4067; x_wconf 88' lang='lat' dir='ltr'>est</span> <span class='ocrx_word' id='word_1_286' title='bbox 1340 4015 1368 4065; x_wconf 91' lang='lat' dir='ltr'>et</span> <span class='ocrx_word' id='word_1_287' title='bbox 1385 4014 1412 4083; x_wconf 87' lang='grc' dir='ltr'>ψ,</span> 
     </span>
     <span class='ocr_line' id='line_1_34' title="bbox 265 4099 1414 4174; baseline -0.003 -17"><span class='ocrx_word' id='word_1_288' title='bbox 265 4118 317 4157; x_wconf 88' lang='lat' dir='ltr'>om.</span> <span class='ocrx_word' id='word_1_289' title='bbox 337 4123 359 4154; x_wconf 84' lang='grc' dir='ltr'>ω</span> <span class='ocrx_word' id='word_1_290' title='bbox 378 4101 502 4174; x_wconf 72' lang='grc' dir='ltr'>(ἐξῆλθεν</span> <span class='ocrx_word' id='word_1_291' title='bbox 521 4103 574 4167; x_wconf 75' lang='grc' dir='ltr'>καὶ)</span> <span class='ocrx_word' id='word_1_292' title='bbox 667 4104 698 4157; x_wconf 84' lang='grc'>17</span> <span class='ocrx_word' id='word_1_293' title='bbox 717 4102 773 4172; x_wconf 87' lang='lat' dir='ltr'>hic]</span> <span class='ocrx_word' id='word_1_294' title='bbox 793 4103 900 4157; x_wconf 82' lang='lat' dir='ltr'>honor</span> <span class='ocrx_word' id='word_1_295' title='bbox 986 4102 1019 4155; x_wconf 90' lang='lat'>18</span> <span class='ocrx_word' id='word_1_296' title='bbox 1037 4103 1111 4172; x_wconf 90' lang='lat' dir='ltr'>post]</span> <span class='ocrx_word' id='word_1_297' title='bbox 1132 4101 1220 4170; x_wconf 83' lang='lat' dir='ltr'>possit</span> <span class='ocrx_word' id='word_1_298' title='bbox 1238 4100 1266 4154; x_wconf 95' lang='grc' dir='ltr'><strong><em>Β</em></strong></span> <span class='ocrx_word' id='word_1_299' title='bbox 1287 4099 1414 4170; x_wconf 67' lang='grc' dir='ltr'><strong>ΟΝΊΜΩ</strong></span> 
     </span>
     <span class='ocr_line' id='line_1_35' title="bbox 266 4189 1411 4261; baseline -0.003 -16"><span class='ocrx_word' id='word_1_300' title='bbox 266 4192 299 4245; x_wconf 87' lang='grc'>19</span> <span class='ocrx_word' id='word_1_301' title='bbox 319 4191 411 4261; x_wconf 88' lang='lat' dir='ltr'>ualde]</span> <span class='ocrx_word' id='word_1_302' title='bbox 431 4192 497 4245; x_wconf 82' lang='lat' dir='ltr'>add.</span> <span class='ocrx_word' id='word_1_303' title='bbox 517 4192 550 4246; x_wconf 92' lang='lat' dir='ltr'>de</span> <span class='ocrx_word' id='word_1_304' title='bbox 568 4192 596 4244; x_wconf 92' lang='lat' dir='ltr'><em>B</em></span> <span class='ocrx_word' id='word_1_305' title='bbox 668 4192 778 4260; x_wconf 83' lang='lat' dir='ltr'>quasuis</span> <span class='ocrx_word' id='word_1_306' title='bbox 796 4190 864 4245; x_wconf 69' lang='lat' dir='ltr'>Em</span> <span class='ocrx_word' id='word_1_307' title='bbox 949 4190 984 4244; x_wconf 90' lang='grc'>20</span> <span class='ocrx_word' id='word_1_308' title='bbox 1003 4191 1050 4259; x_wconf 89' lang='lat' dir='ltr'>sit]</span> <span class='ocrx_word' id='word_1_309' title='bbox 1072 4192 1114 4243; x_wconf 86' lang='lat' dir='ltr'>est</span> <span class='ocrx_word' id='word_1_310' title='bbox 1132 4189 1216 4244; x_wconf 87' lang='grc' dir='ltr'>ΒΒΤ</span> <span class='ocrx_word' id='word_1_311' title='bbox 1279 4191 1411 4259; x_wconf 86' lang='lat' dir='ltr'>uespere]</span> 
     </span>
     <span class='ocr_line' id='line_1_36' title="bbox 266 4277 1413 4349; baseline -0.003 -14"><span class='ocrx_word' id='word_1_312' title='bbox 266 4280 331 4337; x_wconf 84' lang='lat' dir='ltr'>add.</span> <span class='ocrx_word' id='word_1_313' title='bbox 352 4280 461 4349; x_wconf 67' lang='lat' dir='ltr'>aElL,</span> <span class='ocrx_word' id='word_1_314' title='bbox 482 4280 657 4334; x_wconf 72' lang='lat' dir='ltr'>addentem</span> <span class='ocrx_word' id='word_1_315' title='bbox 679 4278 1006 4349; x_wconf 59' lang='lat' dir='ltr'>0PVHAE²7eedd</span> <span class='ocrx_word' id='word_1_316' title='bbox 1110 4277 1154 4332; x_wconf 89' lang='lat' dir='ltr'>die</span> <span class='ocrx_word' id='word_1_317' title='bbox 1173 4278 1201 4331; x_wconf 91' lang='grc' dir='ltr'><strong><em>Β</em></strong></span> <span class='ocrx_word' id='word_1_318' title='bbox 1290 4278 1323 4331; x_wconf 93' lang='grc'>21</span> <span class='ocrx_word' id='word_1_319' title='bbox 1344 4277 1413 4332; x_wconf 84' lang='lat' dir='ltr'>dicit</span> 
     </span>
     <span class='ocr_line' id='line_1_37' title="bbox 265 4367 1228 4423; baseline -0.003 -1"><span class='ocrx_word' id='word_1_320' title='bbox 265 4369 347 4423; x_wconf 74' lang='grc' dir='ltr'>ΔΕΒ</span> <span class='ocrx_word' id='word_1_321' title='bbox 400 4370 435 4423; x_wconf 90' lang='grc'>22</span> <span class='ocrx_word' id='word_1_322' title='bbox 454 4370 578 4423; x_wconf 84' lang='lat' dir='ltr'>serbatus</span> <span class='ocrx_word' id='word_1_323' title='bbox 597 4368 636 4421; x_wconf 86' lang='lat' dir='ltr'>B¹</span> <span class='ocrx_word' id='word_1_324' title='bbox 690 4368 726 4422; x_wconf 85' lang='grc'>24</span> <span class='ocrx_word' id='word_1_325' title='bbox 744 4384 821 4422; x_wconf 90' lang='lat' dir='ltr'>socro</span> <span class='ocrx_word' id='word_1_326' title='bbox 839 4368 867 4421; x_wconf 93' lang='grc' dir='ltr'><strong><em>Β</em></strong></span> <span class='ocrx_word' id='word_1_327' title='bbox 888 4368 950 4422; x_wconf 81' lang='grc' dir='ltr'>ΟΨ</span> <span class='ocrx_word' id='word_1_328' title='bbox 1021 4371 1111 4421; x_wconf 89' lang='lat' dir='ltr'>autem</span> <span class='ocrx_word' id='word_1_329' title='bbox 1129 4383 1181 4421; x_wconf 86' lang='lat' dir='ltr'>om.</span> <span class='ocrx_word' id='word_1_330' title='bbox 1200 4367 1228 4419; x_wconf 92' lang='lat' dir='ltr'><em>B</em></span> 
     </span>
    </p>
   </div>
   <div class='ocr_carea' id='block_1_5' title="bbox 0 0 1596 5234">
    <p class='ocr_par' dir='ltr' id='par_1_6' title="bbox 0 0 1596 5234">
     <span class='ocr_line' id='line_1_38' title="bbox 0 0 1596 5234; baseline 0 1"><span class='ocrx_word' id='word_1_331' title='bbox 0 0 1596 5234; x_wconf 95' lang='lat' dir='ltr'> </span> 
     </span>
    </p>
   </div>
  </div>
 </body>
</html>
