3184 5234
289 425 328 485 10
642 422 668 474 S.
696 421 834 476 Aureli
862 420 1079 489 Augustini

286 614 378 696 primi
403 615 572 679 sacerdotii
594 615 627 680 in
648 615 768 680 infante
787 613 914 680 Christo
932 613 1065 697 impleta
1087 616 1265 691 nouantur,
1292 617 1329 681 ot
1353 633 1459 696 quac-

288 739 423 804 cnmqne
446 720 508 785 alia
531 725 666 804 possunt
689 721 858 806 diligenter
875 720 1008 798 aduerti,
1028 720 1144 804 quibus
1163 723 1324 805 appareat-
1340 721 1455 788 Lucas

286 827 494 892 intentionem
518 828 601 892 circa
623 846 791 910 personam
815 827 988 894 sacerdotis
1011 827 1174 894 babuisse.
1198 828 1337 894 Marcus
1364 846 1453 912 crgo,

288 932 342 1015 qni
359 950 466 1014 neque
486 934 618 1016 stirpem
636 933 756 1018 regiam
776 952 878 1016 neque
896 934 1125 1000 sacerdotalem
1143 933 1197 1000 uel
1216 934 1452 1018 cognationem

288 1040 339 1104 uel
372 1039 641 1106 consecrationem
673 1059 796 1105 narrare
828 1040 933 1106 uoluit
959 1043 1124 1108 ettamen
1151 1040 1184 1106 iu
1212 1041 1259 1105 eis
1289 1042 1449 1106 uersatus
1480 1060 1494 1102 1

288 1144 473 1224 ostenditur,
498 1165 578 1230 qnae
601 1146 696 1212 bomo
721 1145 868 1212 Christus
891 1150 1041 1228 operatus
1064 1149 1124 1224 cst,
1147 1149 1274 1212 mutum
1300 1145 1450 1212 bominis

286 1251 387 1338 figura
414 1252 540 1317 inillis
570 1256 719 1335 quattuor
746 1253 937 1319 animalibus
965 1253 1164 1338 significatus
1191 1253 1335 1320 uidetur.
1366 1253 1450 1318 hacc

287 1363 393 1424 autom
417 1359 566 1424 animalia
587 1359 658 1437 tria,
684 1359 754 1424 siue
776 1359 827 1425 leo
852 1359 922 1424 sine
944 1359 1039 1426 bomo
1059 1358 1129 1425 siue
1148 1358 1284 1438 uitulus,
1305 1360 1341 1425 in
1361 1363 1449 1427 terra

287 1465 483 1549 gradiuntur,
508 1466 590 1531 unde
614 1465 669 1532 isti
692 1469 757 1531 tres
777 1466 994 1550 euangelistae
1013 1467 1044 1532 in
1064 1465 1115 1532 his
1133 1465 1270 1533 maxime
1288 1467 1449 1550 occupati

287 1575 371 1648 sunt,
396 1591 476 1655 quae
501 1572 648 1638 Christus
674 1573 707 1637 in
736 1591 828 1638 carne
856 1575 1005 1656 operatus
1032 1575 1081 1638 ost
1104 1576 1137 1638 et
1160 1591 1241 1655 qnae
1267 1577 1445 1657 praecepta
1466 1594 1489 1630 10

287 1678 430 1744 mortalis
454 1680 541 1744 uitae
565 1679 755 1745 exercendae
779 1699 902 1746 carnem
926 1679 1128 1761 portantibus
1146 1679 1285 1746 tradidit.
1311 1684 1446 1747 otnero

287 1786 443 1850 lohannes
467 1805 562 1870 supra
586 1787 697 1851 nubila
719 1785 913 1852 infirmitatis
932 1785 1088 1852 hnmanae
1107 1787 1200 1852 neiat
1218 1786 1328 1869 aquila
1352 1787 1446 1855 uolat

287 1895 320 1957 et
333 1891 436 1956 lucem
450 1892 721 1959 incommutabilis
741 1893 887 1958 ueritatis
906 1891 1103 1959 acntissimis
1123 1893 1224 1975 adque
1242 1893 1444 1961 firmissimis

288 1998 389 2064 oculis
414 1999 518 2064 cordis
542 1999 692 2064 intuetur.

177 2101 263 2166 7.10
330 2105 397 2170 Has
430 2105 550 2170 domini
582 2109 708 2170 sanctas
743 2106 923 2190 quadrigas,
952 2105 1069 2188 quibus
1101 2126 1157 2191 per
1185 2106 1292 2173 orbem
1321 2111 1441 2174 uectus
1460 2124 1485 2164 1⁶

287 2211 409 2296 subigit
439 2212 575 2297 populos
608 2213 672 2278 leui
701 2232 759 2278 suo
787 2212 864 2298 ingo
894 2215 926 2278 et
952 2213 1093 2279 sarcinae
1120 2213 1196 2291 leui,
1225 2213 1356 2296 qnidam
1387 2213 1441 2280 uel

284 2319 383 2402 impia
405 2318 545 2384 uanitate
569 2320 622 2385 uel
643 2320 792 2402 imperita
815 2320 994 2386 temeritate
1018 2320 1187 2386 calumniis
1210 2324 1378 2403 appetunt,
1402 2322 1440 2384 ut

285 2425 330 2490 eis
363 2426 486 2491 neronis
518 2427 704 2492 narrationis
737 2427 890 2511 derogent
920 2427 1027 2505 fidem,
1059 2445 1115 2509 per
1147 2445 1227 2509 quos
1265 2426 1438 2492 christiana

285 2531 397 2616 religio
422 2532 628 2598 disseminata
654 2529 711 2616 pe'r
738 2532 893 2598 mundum
917 2534 1006 2598 tanta
1028 2532 1194 2598 fertilitate
1216 2532 1376 2614 prouenit,
1400 2535 1438 2598 ut

285 2638 428 2704 homines
450 2638 593 2704 infideles
615 2639 679 2703 inm
702 2639 783 2704 inter
807 2658 841 2704 se
863 2638 952 2722 ipsos
976 2638 1151 2704 calumnias
1170 2657 1245 2703 suas
1263 2640 1478 2705 musciano

376 2866 388 2916 l
410 2863 444 2917 cf.
463 2863 528 2918 Luc.
548 2864 574 2929 2,
593 2864 700 2918 22-24
753 2865 785 2918 12
806 2864 840 2918 cf.
860 2865 888 2918 in
908 2864 966 2918 lob.
987 2880 1028 2918 eu.
1048 2868 1083 2920 tr.
1104 2865 1146 2934 15,
1167 2866 1180 2920 l
1188 2885 1195 2930 ;
1215 2866 1259 2935 36,
1279 2868 1295 2921 5
1346 2867 1380 2921 16
1401 2864 1434 2919 cf.

288 2969 366 3006 serm.
385 2952 430 3017 51,
449 2953 474 3019 3,
492 2952 523 3018 4;
544 2953 577 3007 ci.
598 2952 713 3008 *Macen
733 2954 775 3018 11,
795 2953 830 3008 30

319 3077 442 3131 ‘lincam
462 3075 556 3131 A²SU
643 3077 659 3134 3
682 3093 826 3147 personam
850 3075 1045 3132 sacerdotalem
1068 3096 1093 3148 γ,
1117 3076 1266 3131 sacerdotis
1290 3093 1432 3147 personam

283 3166 407 3220 rosim
460 3183 565 3222 marcus
586 3169 662 3237 ergo]
681 3184 771 3222 marco
787 3166 834 3232 A1,
854 3167 939 3222 maria
958 3183 1022 3236 ergo
1037 3167 1071 3236 L,
1090 3183 1197 3221 marcus
1216 3183 1280 3221 nero
1299 3184 1315 3218 a
1352 3170 1370 3222 4
1389 3166 1432 3221 uel

284 3255 473 3323 cognationem
492 3271 544 3310 om.
564 3255 592 3310 R
647 3256 662 3309 7
683 3256 847 3310 animalibus
863 3272 885 3312 e.
906 3256 924 3310 1.
943 3256 970 3310 L
1025 3256 1187 3310 animalibus
1205 3273 1228 3310 s.
1246 3273 1272 3310 u.
1292 3256 1319 3310 b.
1339 3259 1431 3312 antem

283 3344 314 3396 in
332 3359 382 3413 neg.
401 3343 439 3399 R.
502 3344 670 3414 significasse
689 3345 740 3398 Ma
804 3346 900 3400 8trea
920 3343 991 3398 O¹P¹
1047 3344 1210 3415 boccnpati
1229 3348 1292 3413 (oar.
1312 3349 1388 3413 sunt)
1400 3361 1431 3414 p,

284 3435 450 3503 occupantur
462 3434 503 3488 No
558 3435 588 3489 11
609 3433 732 3488 morsalin
751 3432 781 3498 S,
800 3434 954 3489 moralisD
1008 3431 1161 3488 adR¹0¹P
1215 3434 1248 3489 12
1267 3431 1434 3490 iohannist'
1552 3446 1553 3485 1

283 3524 375 3593 supra]
394 3539 475 3593 super
496 3521 680 3594 OPVFplm
753 3523 787 3577 13
808 3525 846 3593 et]
866 3522 901 3577 ad
922 3522 978 3590 GP,
998 3539 1030 3576 ac
1052 3522 1079 3577 V
1150 3523 1183 3576 14
1203 3523 1292 3578 cordis
1311 3523 1432 3590 oculisy

282 3614 422 3667 intueatur
439 3610 514 3677 m,
533 3612 685 3666 intueretur
703 3611 745 3665 H¹
793 3612 826 3666 15
845 3613 903 3681 per]
924 3612 952 3664 in
970 3610 1079 3667 RTDd
1130 3612 1163 3667 16
1183 3611 1288 3682 subigit
1305 3609 1432 3680 B⁸OMQ

282 3699 407 3756 HA¹EL
417 3719 484 3771 αγκπ
494 3718 512 3755 α
523 3717 536 3753 e
546 3702 599 3765 zm,
615 3701 716 3755 subicit
727 3699 835 3754 OPVF
841 3699 911 3770 μξσψ
917 3717 948 3769 p,
957 3700 1068 3770 subegit
1075 3699 1247 3770 mmsuxo
1253 3718 1272 3770 9
1279 3717 1303 3768 r,
1314 3700 1431 3756 subiecit

282 3789 398 3846 RTDo
490 3791 608 3862 populns
628 3790 697 3859 0¹1²,
715 3791 756 3844 cic
773 3806 854 3859 saepe
943 3790 998 3843 line
1020 3788 1062 3859 0²,
1080 3791 1141 3844 lene
1163 3789 1232 3859 0²1³,
1251 3791 1309 3845 leui
1327 3806 1430 3860 topqc

283 3879 414 3949 sarcinae]
435 3879 470 3947 cf.
489 3896 567 3934 cerm.
589 3883 631 3949 41,
654 3881 685 3945 5,·
707 3882 801 3947 70,1,·
822 3881 930 3948 11126,
952 3881 1067 3946 5,·167,
1089 3882 1140 3943 33,
1159 3895 1201 3933 ea.
1220 3879 1253 3932 ia
1268 3895 1310 3950 ps.
1330 3882 1376 3947 13,
1399 3882 1428 3943 4,·

285 3971 331 4034 67,
351 3969 399 4034 185
419 3968 503 4023 doctr.
523 3969 578 4024 cler.
599 3971 626 4033 2,
649 3972 689 4031 11,
712 3972 764 4035 62‚·
782 3969 820 4022 al.
842 3971 920 4036 (onus
939 3970 966 4035 o)
1038 3968 1099 4022 lene
1121 3966 1183 4020 011>
1250 3969 1282 4022 17
1302 3967 1429 4037 inperitia

281 4057 356 4126 (imp.
378 4055 414 4126 Τ)
431 4057 577 4112 ueritatem
595 4057 652 4112 ΒΤ
722 4057 853 4111 calumnis
872 4055 940 4111 E'L
995 4055 1028 4110 18
1047 4056 1097 4126 cis]
1116 4057 1146 4110 in
1166 4057 1205 4111 eis
1223 4056 1262 4111 M
1321 4057 1356 4112 19
1375 4056 1429 4110 dis·

282 4147 410 4201 riminata
435 4147 496 4200 c¹P
591 4147 681 4200 'tanta
708 4146 892 4202 tantillitatem
919 4146 986 4213 0¹P,
1010 4145 1045 4200 ad
1072 4148 1178 4200 tautam
1205 4144 1378 4202 fertilitatem
1408 4145 1432 4198 V

281 4235 316 4292 20
335 4235 453 4289 hominis
474 4234 507 4290 0¹
612 4234 730 4289 infidelis
753 4233 815 4288 01P
902 4235 1046 4289 mussitare
1065 4234 1104 4286 Be
1118 4235 1223 4303 actm,
1242 4235 1388 4289 mussitare
1407 4252 1428 4302 r,

281 4327 413 4382 musitare
431 4330 478 4380 cet.
