3184 5234
647 453 866 508 Praefatio.
1275 457 1320 522 XI

170 648 300 730 scripsit
327 669 348 711 a
375 667 431 730 pro
459 671 495 714 u:
525 650 586 727 abi,
614 651 798 733 saaycstuur,
820 649 984 713 sabbatum
1007 649 1200 735 (subtatum),
1225 672 1320 731 quarn

169 752 278 840 (curn),
300 755 440 835 loquatcs
455 754 610 841 (toruos),
624 759 750 837 patroni
763 777 862 837 suoru,
881 757 1007 820 tertiorn
1021 755 1148 833 caeluni,
1164 757 1317 834 otcarius,

169 860 336 940 (bidcuitis,
356 861 527 943 uidebitis),
546 861 665 936 Lacae3
691 863 819 945 saepius
837 883 859 925 u
877 882 933 944 pro
953 883 988 927 a:
1011 862 1134 926 subbato
1157 862 1320 950 (sabuco),

169 972 252 1044 unte,
275 970 472 1050 upparuerit
491 969 562 1050 piu,
587 970 673 1050 quin,
696 969 853 1044 nebulum,
875 969 1036 1033 mutierem
1058 969 1158 1049 itiuuc,
1184 974 1320 1034 turncuuc

169 1072 368 1159 (tamquam),
388 1075 488 1139 tuctus
510 1072 650 1159 (Lucae),
674 1075 848 1151 cubtiucute,
866 1075 1009 1140 cccumoio
1032 1073 1216 1161 (sectando),
1240 1078 1319 1160 ccci-

170 1184 260 1255 turet‚
288 1183 477 1258 emenducse,
504 1181 661 1245 iuhouues
687 1181 767 1268 (iani
792 1180 957 1265 immines),
987 1182 1122 1262 euctetto,
1157 1182 1319 1259 Thomurn,

170 1285 294 1362 Aaron,
326 1287 423 1352 Isuoc
450 1325 494 1334 -
521 1288 539 1351 b
567 1307 623 1370 pro
650 1309 673 1350 u
706 1307 814 1370 scope:
847 1288 913 1366 bos,
945 1288 1008 1367 bia,
1042 1288 1155 1364 bonici,
1187 1289 1319 1369 batibus,

170 1391 285 1474 beruru,
305 1393 488 1474 habentibuS,
506 1395 645 1472 brebiter,
664 1394 777 1471 olibeti,
794 1395 931 1471 serbant,
946 1395 1185 1473 concitaberunt,
1204 1417 1320 1459 narra·

172 1498 267 1575 berat,
290 1501 440 1587 repetibit,
460 1501 573 1577 cheuc,
597 1501 877 1585 Minerba;saepe
896 1521 993 1585 upra
1013 1502 1048 1565 b:
1069 1522 1157 1577 uene,
1176 1501 1318 1579 uibumr,

170 1608 314 1670 uctauiue
332 1606 460 1694 (Beth),
478 1608 562 1672 uiuit
580 1609 691 1686 (bibit),
703 1607 820 1688 plenis,
839 1608 943 1686 liueri,
966 1607 1073 1684 (inuia,
1091 1614 1319 1690 cauernautur,

170 1712 318 1794 deicituru,
341 1716 413 1795 siui,
431 1715 631 1791 mirouititcr,
651 1715 836 1796 purauotas,
857 1715 1008 1779 euiueudo
1027 1714 1163 1800 (octub),
1188 1715 1320 1779 discunt·

169 1839 252 1896 ucre,
281 1820 421 1898 dauitur,
453 1821 588 1886 auuode
610 1821 663 1907 (ab
688 1821 780 1908 Her.)
810 1859 852 1868 —
880 1823 898 1886 b
925 1842 980 1904 pro
1008 1821 1044 1884 h:
1076 1823 1160 1897 baro,
1193 1821 1320 1886 bertices

168 1925 349 2012 (hereticis),
366 1928 540 2010 probibere,
554 1929 703 2010 pcbibens
721 1928 876 2013 (nubib),
900 1928 1032 1992 atbibito
1049 1927 1190 2012 (adhib),
1208 1929 1320 1991 monti·

170 2031 242 2095 buce
265 2031 495 2119 (montinac),
520 2034 665 2099 bctbauia
697 2034 830 2120 (Beth),
862 2033 1028 2099 helisabeth
1052 2033 1198 2121 (Heiis.);
1219 2034 1244 2111 h,
1262 2053 1318 2118 pro

170 2139 205 2202 b:
228 2137 289 2203 duo
316 2137 349 2202 hi
377 2141 493 2224 (duab)
522 2177 564 2189 -
587 2142 783 2224 permutauit
804 2161 822 2205 c
844 2145 877 2205 oi
898 2161 933 2203 r:
954 2141 1120 2218 scribtusa,
1147 2141 1316 2224 sinoutaci,

169 2245 441 2328 euanaetistasuuc,
457 2249 588 2328 testium,
608 2252 728 2328 quasia,
742 2248 964 2328 ipsoctcrrnirit
979 2246 1119 2332 (praet),
1133 2252 1319 2323 seuertatur,

170 2353 280 2428 ccciccc,
295 2353 419 2436 sertus;
437 2354 501 2429 rect,
520 2355 559 2434 ri,
574 2355 752 2429 iuriuuaut,
765 2374 849 2434 prae
868 2351 973 2438 (ipse),
992 2354 1094 2434 quari,
1115 2353 1317 2434 quaeritante,

172 2457 373 2535 meuuoucae,
396 2460 514 2524 scriber
537 2459 636 2544 (bes),
660 2464 794 2524 sacratur
817 2458 860 2543 (si
882 2461 989 2538 natue)
1011 2495 1057 2506 -
1079 2481 1098 2521 r
1120 2464 1153 2524 ct
1175 2463 1202 2522 t:
1225 2462 1316 2522 tecar-

173 2564 277 2639 dutur,
305 2566 492 2629 uuutiaruru
520 2564 660 2651 (utura),
688 2567 779 2646 perri
815 2565 930 2650 (Petri)
963 2603 1002 2612 —
1037 2566 1068 2628 ri
1103 2568 1136 2628 ei
1166 2585 1205 2627 u:
1235 2565 1318 2628 surit

172 2669 281 2756 (suut),
319 2670 536 2736 Samuutanac
572 2711 615 2718 —
652 2692 667 2735 s
699 2677 731 2736 et
761 2670 793 2750 s:
823 2676 968 2734 suturuuc
1001 2671 1092 2753 (futh,
1123 2672 1174 2746 sit,
1206 2691 1319 2751 cupae

172 2775 331 2862 (Filippo)
358 2815 395 2824 -
413 2779 440 2862 f
458 2784 489 2843 ci
515 2799 558 2859 p:
582 2780 694 2860 piaret,
727 2778 875 2858 constecti,
906 2777 1162 2857 fraterniseruut
1189 2777 1318 2861 (meet)

174 2883 194 2947 b
223 2904 278 2966 pro
307 2885 352 2949 ct:
379 2885 536 2966 conducio,
564 2885 679 2966 deonas
707 2885 846 2970 (Clean.)
878 2923 921 2932 -
949 2905 965 2948 c
992 2905 1046 2967 pro
1080 2907 1107 2949 c:
1136 2885 1318 2965 prophetae,

172 2991 303 3070 Esaiae,
326 3013 413 3070 curn;
435 3013 524 3076 epra
544 3013 576 3056 c:
597 3013 676 3068 cicun,
700 2991 764 3054 diei
781 3030 828 3038 -
844 3013 861 3054 c
879 3011 934 3075 pro
959 2997 986 3054 t:
1004 2994 1151 3068 iscorurn,
1170 2991 1320 3071 capiccio,

164 3098 316 3181 sorcuita,
340 3120 425 3176 curn,·
446 3104 458 3163 t
481 3120 536 3182 pro
559 3121 575 3162 e
602 3119 612 3160 .·
637 3104 712 3174 turu,
740 3098 838 3162 citrcbi
861 3135 901 3144 -
927 3102 940 3161 i
965 3117 1099 3181 pror:
1126 3098 1215 3161 tuibu
1239 3099 1321 3160 —i

173 3209 205 3268 ct
239 3226 255 3270 s
291 3208 434 3288 saepius:
475 3207 559 3282 eiset,
601 3207 756 3282 tacuisict,
799 3206 962 3285 quaecisie,
1001 3205 1089 3268 rcircei
1128 3204 1214 3289 (es),
1252 3207 1320 3284 api,

172 3312 215 3387 di,
239 3311 408 3398 cinit-us),
432 3315 570 3378 subauui
594 3311 760 3396 (Iohanni)
784 3349 825 3358 -
851 3312 864 3374 i
886 3331 942 3396 pro
966 3333 982 3375 e
1005 3312 1136 3375 eutrirnc
1159 3313 1238 3373 -i
1261 3330 1319 3391 pro

172 3439 194 3482 u
217 3440 228 3482 :
251 3421 363 3496 tectim,
385 3419 459 3483 iude
481 3440 491 3496 ,·
513 3441 535 3482 u
566 3439 622 3502 pro
650 3421 663 3482 i
696 3439 707 3480 .·
737 3438 906 3499 responsus
928 3417 1016 3502 (cis)
1046 3418 1138 3480 -ii
1170 3436 1225 3500 pro
1258 3439 1280 3479 u
1309 3439 1320 3480 :

172 3526 343 3603 diuinitiis,
366 3529 482 3590 iicruur
508 3528 642 3607 (uerunt)
667 3563 709 3574 -
734 3547 749 3589 e
770 3545 828 3607 pro
857 3528 870 3588 i
893 3546 904 3587 .·
927 3524 1058 3587 dirceteru
1082 3562 1124 3570 -
1149 3542 1242 3606 epra
1267 3544 1285 3587 o
1308 3543 1319 3585 .·

172 3632 293 3696 decebat
317 3631 422 3717 (doch,
449 3633 703 3713 reprebcueruut,
731 3633 820 3696 tertie
844 3630 915 3716 (io)
943 3652 954 3708 ,·
986 3651 1003 3695 o
1038 3650 1095 3712 pro
1128 3652 1144 3694 e
1175 3651 1186 3692 :
1218 3613 1318 3693 cetura

173 3745 215 3815 (es
251 3739 308 3822 tu),
337 3739 445 3803 eiuscia
473 3739 581 3820 (aeui)
614 3777 652 3786 -
688 3759 704 3802 o
732 3759 788 3820 pro
821 3760 844 3800 u
874 3759 884 3800 .·
913 3743 1039 3818 potetur
1065 3777 1109 3784 -
1137 3759 1158 3799 u
1185 3756 1241 3820 pro
1271 3757 1323 3799 a:

172 3848 327 3921 uurniuat,
354 3847 494 3925 ubscure,
519 3845 561 3908 act
594 3843 777 3925 discipulae,
806 3847 1018 3925 iuterroaatus
1040 3843 1114 3928 (os)
1139 3881 1182 3892 -
1215 3863 1232 3906 o
1265 3862 1321 3926 pro

173 3956 376 4032 asportent,
404 3972 502 4030 unaue,
531 3951 587 4015 hoc
609 3956 695 4014 uacto
723 3987 765 3996 -
794 3971 815 4012 a
842 3970 898 4033 pro
922 3971 940 4014 o
963 3935 1180 4025 famniae,
1209 3952 1323 4012 uacari

174 4056 278 4144 (croc),
301 4060 482 4121 iuncorutur
510 4094 553 4104 —
577 4079 597 4120 a
624 4076 679 4140 pro
707 4079 745 4121 ue
802 4062 961 4137 quarente,
984 4078 1071 4137 parre
1099 4095 1143 4104 -
1166 4078 1204 4119 ue
1226 4077 1282 4137 pro
1307 4077 1323 4118 c

175 4183 267 4246 saepe
287 4166 479 4245 :praetiosa
503 4167 778 4245 interpraetentur,
804 4164 1016 4244 toquaebutur,
1038 4165 1233 4239 situaestrue,
1257 4163 1324 4242 tae·

174 4273 287 4348 ruinae,
320 4289 447 4350 nequae,
481 4276 613 4343 maritae,
647 4270 818 4334 Arabrueue
845 4309 888 4316 -
918 4292 933 4331 e
960 4290 1015 4352 pro
1045 4291 1082 4333 ae
1106 4291 1117 4332 .·
1134 4270 1323 4350 prediuicse,

170 4378 331 4456 preterire,
348 4375 456 4457 tedere,
471 4375 683 4452 hesitantiuuc,
692 4397 783 4458 poue,
799 4377 886 4453 aecio,
903 4377 1010 4453 ceturu,
1021 4378 1186 4456 perciteret,
1201 4375 1323 4455 feruiuc
