3184 5234
222 516 1174 586 deconsensueuangelistarumlib.lII.cap.XXlIlI
1216 520 1281 584 359

130 714 233 777 tuis?
260 713 342 777 ⁶non
367 717 424 777 est
448 712 517 779 hic.
542 712 606 776 sed
631 712 806 777 surrexit.
829 711 1090 788 recordamini,
1115 712 1283 793 qualiter

131 821 285 885 locutus
329 823 387 884 est
427 819 547 895 uobis,
590 838 672 883 cum
714 819 834 883 adhuc
875 819 911 882 iu
950 817 1125 883 Galilaea
1167 822 1282 890 esset,

133 925 293 991 dicens:
325 926 412 1007 quie
441 928 589 1007 oportet
617 925 743 989 filium
771 925 934 990 hominis
963 924 1063 988 tradi
1092 925 1127 988 in
1152 944 1284 989 manus

131 1032 320 1097 hominum
350 1036 590 1113 peccatorum
615 1033 651 1095 et
675 1031 855 1114 crucifigi
880 1035 916 1095 et
940 1031 998 1095 die
1022 1031 1138 1097 tertia
1161 1050 1282 1095 resur·

101 1158 228 1222 egere.
259 1138 308 1202 8et
330 1138 551 1203 recordatae
577 1141 665 1203 sunt
693 1138 890 1202 uerborum
913 1138 1005 1201 eius.
1032 1137 1082 1201 9ot
1106 1156 1284 1222 egressae

131 1265 148 1308 a
172 1248 414 1309 monumento
439 1245 713 1309 nuntiauerunt
735 1245 826 1308 haec
851 1244 974 1309 omnia
996 1244 1081 1309 illis
1111 1243 1284 1307 undecim

130 1354 166 1415 et
190 1352 329 1417 ceteris
355 1352 540 1415 omnibus.
565 1350 723 1433 quomodo
748 1369 822 1434 ergo
848 1351 965 1435 singuli
989 1350 1052 1415 uisi
1077 1353 1152 1415 sunt
1176 1350 1283 1415 seden-

129 1470 190 1532 tes,
224 1476 306 1522 unus
335 1457 510 1523 secuudum
538 1457 718 1522 Mattheum
747 1457 824 1521 foris
854 1476 949 1539 super
980 1457 1116 1539 lapidem
1146 1460 1177 1521 et
1205 1458 1284 1520 alter

129 1564 306 1629 secuudum
324 1564 468 1629 Marcum
487 1564 574 1629 intus
594 1584 612 1627 a
631 1564 758 1639 dextris,
784 1583 857 1629 cum
881 1564 1055 1629 secundum
1080 1565 1199 1629 Lucam
1219 1563 1281 1629 duo

88 1696 110 1733 ιο
129 1670 278 1737 steterint
314 1689 406 1737 secus
443 1671 527 1751 illas,
570 1671 717 1753 quamuis
757 1666 875 1735 similia
912 1670 1067 1736 dixerint?
1109 1690 1280 1753 possumus

129 1777 259 1859 quidem
284 1776 388 1841 adhuc
411 1776 594 1859 intellegere
619 1796 716 1841 unum
747 1776 896 1859 angelum
919 1776 1027 1841 uisum
1051 1797 1070 1840 a
1092 1776 1280 1841 mulieribus

129 1890 161 1947 et
194 1883 366 1948 secundum
400 1884 579 1948 Mattheum
609 1893 640 1947 et
672 1884 847 1949 secundum
879 1885 1032 1961 Marcum,
1067 1883 1152 1948 siout
1185 1902 1281 1966 supra

129 1992 278 2066 diximus
307 1995 343 2054 ut
366 2010 418 2055 aas
442 1991 601 2073 ingressas
625 1991 656 2053 in
681 1995 922 2055 monumentum
948 1990 995 2053 sic
1019 1991 1223 2072 accipiamus,
1247 1990 1278 2052 in

129 2097 258 2179 aliquod
282 2095 405 2161 scilicet
428 2097 577 2180 spatium,
608 2097 692 2179 quod
721 2101 787 2161 erat
815 2097 921 2177 aliqua
949 2097 1086 2161 maceria
1108 2096 1280 2161 communi-

86 2224 109 2263 ss
128 2209 209 2279 turn,
243 2207 279 2268 ut
306 2204 416 2267 intrari
443 2208 554 2286 posset
582 2208 654 2267 ante
687 2204 777 2267 illum
813 2224 941 2269 saxeum
973 2203 1134 2285 sepulchri
1160 2204 1278 2278 locum,

129 2311 232 2391 adque
250 2310 295 2375 ibi
315 2310 435 2375 uidisse
459 2311 607 2394 angelum
633 2311 794 2375 sedentem
820 2330 916 2393 super
937 2310 1076 2393 lapidem
1095 2310 1277 2374 reuoluturn

128 2437 144 2479 a
173 2421 390 2492 monumento,
419 2417 503 2481 sicut
531 2418 609 2481 dicit
640 2417 815 2491 Mattheus,
849 2421 884 2480 ut
911 2418 971 2481 hoo
1000 2417 1043 2481 sit
1071 2416 1231 2481 sedentem
1261 2436 1278 2479 a

127 2524 256 2602 dextris,
282 2523 366 2606 quod
390 2524 468 2588 dicit
491 2524 630 2601 Meroua,
655 2524 767 2588 deinde
790 2524 877 2589 intus
902 2525 940 2587 ab
965 2524 1021 2602 eis,
1046 2522 1121 2587 dum
1144 2522 1278 2603 inspice·

125 2636 195 2695 rent
223 2632 342 2707 locum,
370 2630 488 2713 inquo
517 2630 642 2695 iacebat
669 2649 784 2712 corpus
814 2630 943 2704 domini,
971 2630 1060 2695 uisos
1089 2630 1168 2694 alios
1198 2629 1277 2693 duos

82 2758 107 2797 ro
125 2738 255 2820 angelos
284 2740 415 2812 stantes,
444 2737 529 2801 siout
557 2736 635 2801 dicit
663 2738 776 2811 Lucas,
807 2736 925 2801 similia
952 2736 1078 2801 locutos
1107 2736 1146 2799 ad
1171 2755 1276 2801 samm

126 2842 353 2907 exhortandum
378 2844 519 2907 animum
544 2846 575 2906 et
598 2841 824 2907 aedificandam
848 2842 953 2907 fidem.

158 2948 233 3015 ¹Sed
257 2948 423 3013 uideamus
444 2952 476 3012 et
494 2949 551 3013 illa
575 2968 655 3030 quae
678 2949 834 3013 Iohannes
856 2948 943 3026 dicit,
967 2953 1075 3013 utrum
1095 2950 1147 3013 uel
1167 2968 1275 3031 quem·
1300 2946 1341 3010 68

124 3055 296 3120 admodum
334 3055 384 3119 his
422 3063 607 3139 congruant.
645 3056 691 3118 sic
730 3074 804 3139 ergo
842 3060 948 3119 narrat
982 3056 1151 3120 Iohannes:
1190 3056 1276 3119 ¹una

125 3167 248 3226 autem
290 3162 439 3226 sabbati
477 3162 595 3225 Maria
631 3161 853 3246 Magdalene
891 3161 996 3226 uenit
1038 3181 1150 3235 mane,
1194 3180 1274 3225 curn

81 3270 248 3333 aeadhuo
290 3270 468 3333 tenebrae
510 3272 648 3345 essent,
691 3269 734 3332 ad
776 3273 1054 3333 monumentum
1097 3273 1132 3333 et
1169 3268 1274 3332 uidet

213 3496 230 3549 8
250 3494 284 3549 cs.
304 3494 401 3549 Mattlr.
422 3495 464 3558 28,
485 3494 514 3558 2;
536 3495 568 3549 cl.
588 3494 670 3548 Maro.
692 3495 733 3559 16,
753 3497 768 3546 ε’)
830 3497 845 3548 9
866 3494 898 3551 cf.
919 3495 981 3547 Luc.
1002 3496 1046 3555 24,
1064 3497 1082 3547 4
1142 3494 1176 3547 23
1197 3492 1271 3546 *10h.

124 3585 166 3639 20.
189 3585 275 3637 1-18

158 3711 174 3761 2
195 3708 245 3777 est]
267 3708 304 3760 sit
317 3708 344 3759 Β
358 3707 437 3773 (colb.
453 3708 523 3763 cord.
537 3709 581 3761 H.
597 3707 698 3761 Karol.
720 3708 778 3773 ad),
796 3708 845 3761 aad
863 3710 899 3775 cf.
921 3710 987 3768 363,
1003 3710 1042 3760 24
1079 3708 1095 3759 3
1114 3706 1239 3760 manibus
1248 3724 1271 3775 p

121 3797 296 3850 lhominnm
317 3811 367 3848 om.
381 3814 398 3864 p
435 3799 594 3865 5egressae
614 3795 699 3850 BRD
717 3796 744 3850 P
762 3795 862 3849 FO²N
874 3813 928 3865 pp,
948 3812 1085 3864 regressae
1104 3802 1151 3851 oet.
1189 3796 1271 3849 dan·

121 3886 278 3939 nuntiatur
324 3885 450 3953 Ssuper]
472 3900 548 3937 secur
570 3884 619 3937 ΟΡ
663 3886 723 3953 aa]
744 3884 778 3937 ad
796 3886 824 3937 Β
867 3885 900 3939 10
918 3888 1055 3938 steterunt
1072 3884 1110 3937 M
1124 3884 1272 3939 ΗΑΒἾΣΒ1

120 3995 135 4045 'r'
151 3990 225 4041 pra
312 3973 346 4027 14
365 3973 454 4040 aliquo
470 3973 527 4025 ΒΙ)
617 3974 706 4042 spatio
726 3974 754 4026 D
845 3974 912 4041 erat]
933 3973 999 4026 add.
1019 3973 1058 4026 ibi
1076 3989 1098 4029 r.
1117 3974 1145 4025 in
1165 3972 1231 4026 odd.
1252 3991 1270 4025 a

120 4064 236 4116 maceria
252 4066 277 4129 (c
292 4079 325 4116 eoo
340 4065 361 4129 t>
375 4062 411 4122 B,
426 4062 562 4115 macheria
580 4061 620 4125 0²,
636 4062 720 4115 maria
735 4061 841 4116 A¹E¹L
880 4063 913 4115 15
927 4062 1014 4131 possit
1030 4062 1108 4115 OPV
1143 4062 1175 4115 16
1190 4078 1271 4130 supra

120 4150 264 4219 FONMQ
283 4171 299 4222 χ
319 4150 441 4204 roelm
534 4152 565 4204 17
586 4152 622 4204 sit
641 4168 691 4204 om.
716 4150 772 4214 GP,
792 4152 840 4204 sed
861 4144 978 4204 A¹E1D
1051 4150 1123 4219 adl
1144 4149 1178 4203 ad
1197 4150 1223 4202 d.
1242 4150 1270 4201 Β

122 4240 154 4291 18
174 4240 310 4305 spicerent
329 4238 356 4291 Β
402 4238 436 4292 19
454 4239 575 4291 iacuerat
598 4238 623 4290 V
681 4237 747 4291 duos
766 4256 817 4293 one.
838 4238 965 4292 HAE¹L
1009 4240 1043 4291 22
1062 4239 1188 4292 iohannis
1211 4238 1273 4291 0¹1>

121 4329 155 4381 23
174 4328 218 4380 lrie
231 4326 272 4379 131
326 4331 458 4396 congruat
476 4325 522 4389 B¹‚
543 4329 706 4381 conueniant
720 4346 741 4395 p
796 4328 922 4381 iohannis
941 4329 969 4382 P
1021 4328 1055 4380 24
1074 4332 1164 4381 autem
1183 4344 1270 4382 enar

119 4416 297 4484 magdalenae
312 4416 339 4469 B
374 4417 409 4468 25
425 4415 501 4469 uidet
514 4417 541 4471 Β
563 4416 623 4469 0¹1>
642 4415 715 4487 ῼῙΗ,
731 4416 827 4470 uident
840 4418 875 4483 B,
891 4416 962 4471 uidit
974 4424 1032 4484 oet,
1046 4416 1268 4484 εάά.,υ(βλὲπει)
