3184 5234
288 505 352 569 388
645 504 671 557 S.
699 503 837 558 Aureli
865 505 1082 574 Augustini

288 699 367 777 dies,
395 702 564 784 antequam
589 701 726 766 Thomas
751 720 825 765 eum
849 697 995 778 uidisset,
1020 700 1059 764 ab
1083 699 1230 765 undecim
1255 701 1458 784 quibusque

287 805 454 889 discipulis
478 807 642 872 dominum
670 806 789 885 uisum,
819 827 880 873 non
907 807 968 874 erit
995 808 1055 872 hoc
1083 807 1122 872 ad
1149 826 1235 872 mare
1260 807 1437 872 Tiberiadis

284 912 381 978 tertio
405 910 645 978 manifestatum
669 931 750 991 esse,
776 912 833 977 sed
852 915 973 994 quarto.
998 913 1082 996 quod
1106 912 1233 994 quidem
1258 913 1437 977 cauendum

286 1023 346 1098 est,
370 1037 408 1084 nc
432 1018 503 1100 quis
528 1017 688 1084 existimet
709 1019 806 1084 tertio
829 1019 1002 1084 Iohannem
1026 1019 1155 1098 dixisse,
1182 1023 1346 1102 tamquam
1371 1025 1436 1084 tres

286 1125 372 1191 solae
391 1125 493 1190 factae
511 1124 630 1189 fuerint
645 1125 918 1191 manifestationes
943 1125 1026 1201 eius;
1047 1125 1105 1191 sed
1122 1126 1182 1190 boc
1201 1124 1435 1210 intellegendus
1471 1148 1485 1185 5

286 1237 336 1297 est
358 1231 398 1296 ad
420 1251 586 1296 numerum
611 1230 732 1296 dierum
756 1233 933 1309 rettulisse,
957 1251 1018 1297 non
1042 1231 1270 1296 adnumerum
1294 1231 1436 1314 ipsarum

284 1337 578 1403 manifestationum
601 1356 660 1402 nec
683 1338 907 1403 continuorum
932 1337 1067 1416 dierum,
1100 1337 1156 1402 sed
1177 1357 1234 1420 per
1256 1337 1436 1414 interualla,

288 1445 373 1510 sicut
399 1445 484 1509 idern
510 1445 580 1528 ipse
608 1446 755 1510 testatur.
787 1463 859 1508 nam
888 1444 990 1527 primo
1019 1443 1090 1526 ipso
1115 1444 1165 1508 die
1195 1446 1437 1510 resurrectionis

288 1570 373 1631 suae,
394 1555 523 1633 excepto
544 1552 629 1634 quod
647 1569 665 1615 a
683 1551 872 1616 mulieribus
888 1550 980 1616 uisus
1001 1553 1060 1628 est,
1080 1551 1114 1615 id
1129 1553 1178 1616 est
1193 1551 1277 1634 quod
1291 1553 1324 1615 in
1340 1571 1436 1616 euan-

286 1657 370 1742 gelio
395 1657 502 1733 claret,
527 1660 578 1722 ter
600 1676 633 1721 se
659 1657 887 1737 manifestauit,
913 1658 1011 1721 semel
1035 1658 1140 1736 Petro,
1163 1658 1279 1722 iterum
1309 1658 1485 1724 duobusne

284 1763 360 1843 illis,
376 1783 510 1846 qnorum
529 1768 596 1828 erat
613 1783 697 1829 unus
713 1763 857 1848 cleopas,
872 1765 967 1829 tertio
987 1763 1134 1848 plurimis
1152 1765 1216 1828 iarn
1236 1765 1308 1829 inde
1329 1768 1436 1831 conlo·

287 1871 457 1953 questibus
481 1871 584 1936 noctis
611 1871 746 1948 exordio,
776 1871 832 1937 sed
860 1871 921 1935 hoc
949 1874 1053 1936 totum
1078 1871 1233 1935 Iohannes
1262 1871 1301 1934 ad
1333 1891 1434 1936 unum

287 1977 370 2042 diem
388 1977 526 2041 referens
551 1977 650 2041 semel
674 1980 840 2061 conputat3
859 1977 975 2041 iterum
996 1980 1113 2056 autem,
1133 1978 1192 2042 hoe
1213 1980 1263 2042 est
1287 1977 1348 2042 alio
1375 1978 1434 2056 die,

287 2083 411 2167 qnando
436 2102 509 2148 euru
528 2083 613 2147 uidit
631 2087 662 2148 et
681 2084 835 2160 Thomas;
859 2084 953 2148 tertio
978 2101 1053 2148 uero
1078 2083 1117 2146 ad
1141 2102 1225 2146 mare
1249 2082 1436 2164 Tiberiadis,

287 2192 347 2255 hoc
362 2193 412 2254 est
425 2190 519 2255 tertio
540 2190 590 2254 die
605 2189 872 2254 manifestationis
888 2190 965 2268 eius,
980 2209 1041 2254 non
1056 2189 1151 2254 tertia
1167 2189 1437 2255 manifestatione.
1457 2215 1483 2257 ra
1572 2175 1574 2186 ’

287 2317 324 2362 ac
342 2317 399 2380 per
421 2299 481 2362 boc
505 2297 679 2380 posthaec
704 2296 810 2362 omnia
834 2298 978 2380 cogimur
1000 2295 1184 2380 intellegere
1207 2296 1329 2362 factum
1354 2317 1436 2374 esse,

288 2404 372 2487 quod
396 2423 468 2468 eum
496 2403 529 2468 in
557 2407 664 2467 monte
693 2402 854 2468 Galilaeae
879 2403 1050 2467 secuudum
1079 2403 1258 2467 Mattheum
1288 2403 1435 2467 undecim

289 2509 436 2595 discipuli
452 2508 610 2587 uiderunt,
631 2529 693 2594 quo
713 2528 766 2574 eos
786 2509 961 2574 secundnm
981 2509 1190 2574 constitutum
1210 2513 1436 2592 praecesserat,

288 2620 325 2681 ut
351 2617 525 2700 inpleretur
553 2616 647 2681 otiam
675 2615 715 2680 ad
743 2616 882 2680 litteram
913 2615 995 2698 quod
1021 2619 1053 2679 et
1075 2635 1131 2697 per
1154 2617 1304 2700 angelum
1328 2620 1360 2680 et
1381 2635 1438 2698 per

291 2743 324 2787 se
347 2723 453 2806 ipsum
477 2723 682 2805 praedixerat.
1456 2749 1485 2788 eo

222 2830 265 2894 83
334 2830 518 2895 Inuenimus
533 2829 640 2911 itaque
660 2833 737 2912 aput
756 2831 906 2911 quattuor
920 2829 1133 2912 euangelistae
1154 2829 1280 2893 deciens
1300 2848 1436 2895 comme·

288 2937 447 2998 moratum
476 2933 638 2998 dominum
667 2934 774 2998 uisum
804 2953 873 2998 esse
902 2932 940 2997 ab
969 2934 1151 3000 hominibus
1180 2939 1254 3016 post
1282 2954 1436 3000 resurrec-

287 3040 423 3105 tionem:
460 3041 558 3104 semel
596 3041 634 3103 ad
673 3043 913 3104 monumentum
944 3039 1142 3117 mulieribus,
1171 3041 1287 3105 iterum
1317 3041 1437 3106 eisdem

287 3145 541 3231 regredientibus
570 3166 588 3210 a
614 3150 820 3211 monumento
848 3147 881 3209 in
908 3146 1031 3224 itinere,
1061 3147 1155 3211 tertio
1184 3147 1291 3225 Petro,
1325 3151 1435 3230 quarto

289 3253 412 3317 duobus
436 3252 586 3317 euntibus
609 3253 640 3316 in
664 3251 845 3329 castellnm,
874 3252 983 3334 quinto
1006 3253 1153 3335 pluribus
1177 3252 1209 3317 in
1234 3254 1436 3318 Hierusalem
1448 3250 1483 3320 'as

377 3411 412 3464 23
432 3411 464 3465 cf.
483 3410 542 3465 Ich.
562 3411 606 3478 20,
626 3411 743 3474 14-18;
765 3411 799 3464 cf.
818 3410 901 3466 Maro.
922 3412 964 3472 16,
985 3410 1071 3465 9-11
1187 3409 1219 3463 cf.
1239 3411 1339 3464 Matth.
1359 3411 1403 3480 28,
1421 3411 1436 3462 9

290 3504 318 3554 et
338 3500 383 3565 10;
404 3499 437 3554 cf.
456 3499 522 3553 Luc.
542 3499 586 3569 24,
605 3499 691 3553 9-11
766 3498 802 3552 24
821 3497 854 3552 cf.
874 3498 938 3555 Luc.
958 3499 1001 3563 24,
1022 3501 1057 3554 34
1130 3499 1162 3554 cf.
1183 3499 1247 3553 Luc.
1267 3499 1311 3563 24,
1333 3499 1436 3552 15-33

289 3588 323 3644 25
343 3588 377 3642 of.
396 3589 455 3642 Iob.
475 3590 518 3652 20,
540 3589 656 3654 19-24;
677 3587 711 3645 cf.
730 3587 794 3642 Luc.
815 3589 858 3650 24,
878 3589 984 3643 36-43

326 3695 421 3748 lenm
440 3695 549 3749 thomas
566 3695 625 3752 RD
673 3696 847 3751 4iohannen
864 3694 913 3748 ΟΡ
960 3695 1056 3748 bsola
1073 3693 1162 3748 factae
1180 3695 1217 3763 B,
1236 3694 1288 3748 soli
1306 3693 1376 3749 facti
1392 3694 1438 3749 GP

288 3785 379 3854 best]
401 3784 466 3838 add.
486 3784 617 3838 iohannes
640 3784 698 3854 Vp
735 3783 1000 3838 lmauifestaticnis
1018 3782 1058 3836 Β1
1113 3799 1160 3852 per
1178 3798 1230 3837 om.
1249 3782 1287 3835 Β1
1330 3783 1436 3837 Sidam

289 3889 340 3928 om.
360 3872 418 3927 RD
431 3889 454 3941 p
538 3873 570 3926 10
590 3873 675 3926 claret
692 3873 744 3943 ter]
765 3873 875 3927 clariter
892 3871 1013 3940 BRDp
1100 3873 1131 3924 ll
1152 3889 1221 3926 uuus
1242 3874 1300 3925 erat
1317 3890 1359 3941 χω
1378 3871 1437 3926 edd.

285 3969 461 4032 praeterpq
517 3961 549 4014 13
569 3962 597 4014 iu
616 3962 669 4015 alio
692 3960 725 4015 0¹
781 3961 815 4014 14
834 3962 899 4014 bero
918 3961 944 4012 Β
1001 3961 1033 4014 17
1052 3961 1177 4014 undecim
1197 3960 1325 4030 discipuli
1343 3961 1434 4022 BRD,

290 4049 417 4121 discipuli
436 4051 561 4105 undecim
581 4057 639 4119 cet,
658 4052 717 4106 edd.
796 4051 829 4105 21
849 4051 1016 4120 inuenimus]
1036 4051 1134 4120 incipit
1152 4051 1225 4120 Eup.
1245 4050 1315 4104 Erro.
1334 4065 1434 4104 nonum

289 4138 323 4191 22
342 4140 508 4209 hominibus]
529 4139 653 4193 omnibus
671 4139 808 4193 H¹AE¹L
889 4139 923 4193 23
942 4139 1311 4194 mulieribus-monumento
1330 4155 1379 4194 ono.
1397 4137 1433 4188 B¹

289 4229 406 4299 mulien]
427 4247 495 4284 am.
513 4246 534 4296 p
589 4229 623 4282 24
643 4228 848 4298 egredientibus
866 4229 896 4281 D
914 4229 995 4298 (Eup.
1020 4227 1083 4282 Vnt.
1102 4226 1245 4295 Medione.)
1318 4229 1354 4281 im
1373 4231 1437 4294 (pro

290 4317 376 4386 ·1111·)
396 4321 491 4387 quarto
511 4319 538 4371 Β
632 4319 666 4370 25
686 4318 713 4370 in
734 4318 847 4372 castello
867 4317 992 4372 HAE¹L
1105 4319 1146 4368 ·V·
1167 4317 1263 4386 quinto
1282 4323 1308 4371 et
1325 4317 1364 4370 sic
1381 4313 1432 4366 ·Vl·

290 4410 365 4461 serto
385 4406 412 4459 B
