3184 5234
283 506 324 569 88
627 502 654 556 S.
682 502 819 557 Aureli
848 501 1066 571 Augustini

241 694 259 756 7
328 696 399 761 Non
428 715 502 779 ergo
531 695 669 759 alienum
699 698 783 759 esset
807 714 824 758 a
848 695 993 769 ueritate,
1023 693 1149 757 etiamsi
1176 695 1279 758 Lucas
1308 696 1345 758 ab
1373 696 1428 758 illo

285 822 354 868 esse
382 802 497 884 Ioseph
526 804 669 885 genitum
698 801 826 877 diceret,
856 820 874 865 a
901 820 963 882 qno
991 801 1095 865 fuerat
1123 800 1302 883 adoptatus.
1336 802 1430 865 etiam

286 909 333 973 sic
366 910 482 993 quippe
514 910 625 991 genuit
659 928 742 983 eum,
775 927 837 972 non
869 912 906 973 nt
937 908 1031 973 homo
1065 910 1160 984 esset,
1190 907 1247 971 sed
1278 910 1315 972 nt
1345 908 1431 971 filius

287 1020 381 1093 esset,
406 1017 491 1081 sicut
513 1034 571 1080 nos
596 1016 707 1099 genuit
730 1015 820 1093 deus,
845 1019 882 1080 ut
905 1014 962 1079 filii
987 1014 1187 1091 dussimus,
1208 1014 1432 1096 qnosiecerat

287 1126 326 1187 ut
357 1122 501 1187 homines
535 1142 691 1187 essemus.
723 1122 853 1185 unicum
882 1126 988 1186 antem
1017 1121 1138 1204 genuit,
1166 1140 1228 1185 non
1261 1122 1367 1185 solum
1398 1123 1435 1184 ut
1463 1137 1475 1177 ⁵

287 1229 374 1293 filius
398 1233 495 1306 esset,
515 1229 600 1310 quod
622 1232 711 1311 pater
729 1248 791 1292 non
811 1232 869 1303 ost,
890 1228 946 1293 sed
966 1227 1062 1293 etiam
1081 1231 1118 1292 ut
1137 1229 1215 1293 deus
1236 1232 1331 1306 esset,
1352 1229 1436 1309 quod

288 1339 320 1400 et
345 1339 435 1418 pater
462 1337 521 1399 est.
551 1334 608 1399 sed
634 1336 727 1417 plane
756 1335 784 1398 si
811 1335 871 1399 hoc
899 1335 996 1399 uerbo
1026 1335 1120 1399 etiam
1148 1336 1251 1399 Lucas
1283 1338 1435 1411 uteretur,

289 1442 492 1506 omnimodo
516 1445 602 1505 esset
625 1442 823 1525 ambiguum,
848 1442 919 1525 quis
944 1461 1053 1505 eorum
1077 1442 1289 1525 adoptantem,
1309 1444 1381 1524 quis
1402 1462 1438 1507 ex

288 1549 414 1633 propria
446 1566 537 1612 carne
572 1547 753 1632 gignentem
784 1553 907 1631 patrem
946 1552 1236 1627 commemorasset,
1270 1550 1437 1630 quomodo

290 1655 352 1719 etsi
374 1658 484 1717 neuter
507 1672 615 1717 eorum
649 1654 767 1717 diceret
800 1654 952 1737 genuit,
987 1653 1043 1717 sed
1077 1658 1109 1717 et
1141 1654 1202 1718 iste
1236 1674 1308 1719 eum
1336 1654 1481 1719 filiumro

289 1762 379 1825 illins
404 1764 437 1824 et
458 1760 513 1823 ille
537 1760 624 1824 illins
649 1761 778 1837 diceret,
803 1761 902 1825 nihilo
922 1762 1028 1825 minus
1048 1764 1135 1825 esset
1152 1761 1348 1845 ambiguum,
1370 1762 1440 1843 quis

295 1887 404 1933 eorum
427 1868 530 1944 illum,
556 1868 593 1931 de
617 1887 680 1950 quo
704 1871 808 1946 natus,
833 1868 903 1949 quis
928 1868 1030 1945 illum,
1052 1886 1069 1930 a
1089 1887 1150 1949 quo
1175 1869 1343 1950 adoptatus
1364 1871 1439 1946 erat,

295 1976 585 2038 commemorasset.
609 1992 691 2038 nunc
716 1994 790 2038 uero
816 1993 889 2038 cum
913 1973 992 2037 alter·
1020 1973 1112 2038 dicit:
1145 1976 1160 2038 l
1169 1974 1265 2038 acob
1300 1975 1441 2057 genuit

290 2080 454 2163 Ioseph,
479 2080 572 2144 alter:
598 2081 757 2162 Ioseph,
782 2081 850 2162 qui
874 2080 957 2145 fuit
980 2080 1100 2144 filius
1125 2081 1228 2158 Heli,
1253 2080 1347 2144 etiam
1372 2080 1442 2161 ipsa

292 2187 463 2251 uerborum
492 2187 669 2251 differentia
696 2187 771 2268 quid
801 2181 920 2270 sidguli
945 2187 1161 2269 suscepissent
1189 2188 1349 2269 eleganter
1371 2186 1440 2250 inti·
1461 2206 1485 2247 ro

293 2296 470 2358 muuerunt.
490 2293 545 2358 sed
564 2293 624 2357 hoc
643 2293 736 2358 facile
755 2312 840 2363 sane.
863 2296 898 2360 ut
918 2293 989 2371 diri,
1010 2297 1120 2375 posset
1139 2312 1302 2357 occurrere
1323 2294 1442 2358 homini

294 2401 457 2484 religioso,
491 2402 545 2482 qui
578 2400 742 2483 quodlibet
773 2400 861 2464 aliud
894 2401 1107 2483 quaerendum
1138 2400 1248 2483 potius
1278 2400 1443 2480 indicaret,

294 2528 389 2591 quam
421 2508 652 2590 euangelistam
685 2507 826 2571 crederet
859 2526 929 2571 esse
957 2507 1137 2584 mentitum,
1171 2506 1274 2583 facile,
1303 2506 1444 2587 inquam,

296 2616 484 2695 occurreret,
514 2617 550 2677 ut
577 2613 711 2691 uideret,
736 2614 851 2696 quibus
877 2612 981 2677 causis
1011 2613 1104 2677 homo
1129 2631 1212 2676 unus
1237 2614 1316 2677 duos
1340 2615 1445 2693 patres

295 2722 410 2785 habere
429 2720 580 2803 potuerit.
605 2720 664 2785 hoc
684 2723 716 2783 et
735 2719 800 2783 illis
821 2719 1027 2784 calumniosis
1043 2722 1231 2797 occurreret,
1246 2718 1307 2783 nisi
1322 2719 1446 2801 litigare
1465 2740 1490 2781 ao

297 2847 391 2910 quam
415 2826 611 2890 considerare
634 2826 833 2892 maluissent.

252 2940 271 3002 8
340 2933 412 2996 llll.
436 2933 521 2996 lllud
539 2936 645 2997 autem
666 2932 751 3013 quod
771 2932 919 3015 deinceps
939 2932 1165 2995 insinuandum
1185 2934 1244 3007 est,
1263 2950 1296 2993 re
1315 2950 1391 2995 uera
1410 2936 1446 2994 ut

298 3039 418 3103 aduerti
443 3042 475 3102 et
497 3039 599 3103 uideri
622 3043 740 3121 posset,
763 3039 915 3103 lectorem
939 3038 1196 3103 adtentissimnm
1221 3042 1253 3103 et
1272 3036 1446 3121 diligentis·

299 3146 416 3209 simum
438 3146 628 3227 requirebat.
653 3149 745 3210 acute
765 3146 881 3227 quippe
906 3145 1159 3209 animaduersum
1184 3148 1233 3209 est
1256 3145 1446 3216 Mattheum

390 3324 422 3376 13
441 3322 539 3376 Matth.
562 3323 585 3385 1,
606 3324 639 3376 16
704 3323 737 3375 14
755 3321 820 3375 Luc.
840 3322 864 3389 3,
884 3322 918 3375 23
973 3320 1139 3375 2211.Ιο11.
1160 3319 1297 3389 Chrysost.
1318 3320 1398 3375 Hom.
1420 3321 1447 3372 in

279 3412 396 3465 -Maton
415 3412 433 3463 4

335 3520 444 3571 2esset
461 3518 500 3570 Β1
618 3518 700 3571 etiam
720 3534 769 3570 om.
795 3517 820 3568 V
838 3518 884 3587 dp
964 3516 1082 3585 dsieut]
1102 3516 1141 3568 sic
1161 3518 1222 3583 etp
1339 3516 1379 3569 fili
1402 3516 1450 3570 GP

300 3609 316 3660 5
335 3607 452 3660 hominis
475 3606 535 3660 0¹1³
606 3607 737 3674 essemus]
758 3606 875 3658 simusr
938 3607 953 3658 6
974 3604 1047 3674 quod
1060 3606 1117 3673 pru]
1139 3605 1218 3674 quir
1276 3606 1292 3657 8
1312 3605 1448 3657 omnimo

300 3695 348 3763 13¹,
368 3697 476 3749 omnino
495 3695 596 3749 AE²U
613 3714 647 3745 απ
662 3712 684 3762 p
757 3694 911 3763 ambiqunm
934 3693 967 3747 0¹
1022 3692 1322 3761 9eommemorasseQ
1382 3710 1447 3762 quo·
1534 3747 1539 3755 ,

301 3784 393 3853 modo]
414 3784 578 3852 quoniamp
652 3784 685 3837 10
705 3784 757 3837 etsi
777 3786 817 3849 (et
834 3800 855 3836 s.
877 3785 905 3849 l.)
924 3782 951 3834 B
1033 3782 1080 3837 sed
1099 3783 1138 3851 et]
1159 3782 1206 3835 sed
1225 3783 1249 3835 si
1269 3781 1300 3850 Q,
1319 3782 1368 3835 sed
1387 3787 1448 3851 (om.

304 3873 450 3941 1111119,
471 3871 561 3925 sedsi
581 3875 641 3925 etr
725 3873 755 3925 ll
775 3872 834 3940 ille]
856 3872 920 3925 odd.
940 3872 1060 3941 filiump
1134 3872 1165 3923 12
1186 3871 1341 3939 quiaillum
1361 3888 1377 3925 a
1397 3888 1449 3941 quo
1569 3886 1570 3913 r

302 3962 448 4031 adoptatus
468 3977 519 4015 om.
538 3960 684 4013 HAELU
719 3962 751 4014 13
770 3960 860 4028 iacob]
882 3961 947 4014 add.
967 3963 1087 4028 autemg
1124 3961 1158 4013 14
1176 3958 1272 4029 ioseph
1289 3976 1330 4027 pr.
1350 3976 1372 4013 s.
1393 3961 1453 4015 10
1569 3966 1570 4013 1

304 4054 336 4106 15
356 4050 538 4104 differentiam
558 4049 619 4103 0¹1³
691 4050 824 4118 eliganter
844 4048 936 4102 02PF
952 4048 999 4113 A2,
1020 4050 1160 4102 euidenter
1173 4048 1201 4116 7²
1253 4050 1284 4101 17
1304 4050 1351 4117 qui
1366 4050 1450 4103 etiam

303 4140 472 4210 quidlibetr
560 4138 750 4193 indicaretM
821 4138 852 4191 18
873 4139 986 4191 esseaB
1059 4138 1091 4191 19
1110 4138 1190 4190 homo
1210 4153 1277 4189 unus
1296 4137 1360 4201 BT,
1380 4155 1452 4192 unus
1569 4198 1570 4209 γ

303 4231 383 4283 homo
403 4235 459 4290 cet,
479 4229 539 4282 edd.
625 4229 660 4283 22
679 4227 748 4282 illud
767 4230 858 4281 autem
877 4243 920 4295 qu.
941 4226 1068 4295 deinceps
1087 4242 1138 4280 cor.
1157 4224 1301 4279 HAELU
1318 4244 1333 4291 γ
1408 4230 1453 4281 est
1569 4210 1570 4235 ³

302 4337 331 4373 re
350 4321 426 4389 uera]
446 4336 548 4372 mucra
567 4319 594 4371 B
683 4319 718 4370 23
738 4316 849 4369 aduerte
869 4318 897 4369 et
915 4316 1007 4369 uidere
1030 4314 1090 4369 0¹1³
1176 4314 1394 4384 attentyrsimum
1416 4317 1453 4380 (si

302 4426 324 4463 a.
344 4411 374 4476 l.)
393 4407 433 4461 Β1
487 4410 522 4462 24
541 4408 742 4461 animaduersus
760 4405 800 4457 Β1
