3184 5234
302 481 370 544 376
659 479 686 534 S.
712 479 849 532 Aureli
877 480 1095 549 Augustini

303 671 373 738 ⁴⁹et
400 692 472 758 ego
501 674 620 738 mitto
647 675 891 758 promissum
921 675 1052 758 patris
1081 674 1157 738 mei
1191 675 1230 738 in
1263 694 1351 750 uos;
1381 693 1456 737 uos

304 783 438 846 autem
462 781 613 859 sedete,
633 781 762 864 quoad
786 799 915 864 usque
939 781 1172 846 induamini
1191 781 1392 846 uirtutem
1411 799 1458 844 ex

304 888 399 955 alto.
438 906 510 952 eoee
539 886 700 970 quomodo
723 889 988 953 commemorauit
1019 890 1052 952 et
1074 889 1177 952 Lucas
1210 888 1457 971 promissionem

303 993 436 1079 spiritus
464 994 575 1070 saneti,
603 1013 698 1076 quam
731 1014 792 1059 uon
824 995 1006 1059 inueuimus
1035 1014 1053 1058 a
1085 993 1213 1059 domiuo
1244 993 1360 1058 factam
1393 991 1459 1056 nisi

302 1103 335 1165 in
367 1101 533 1186 euangelio
561 1101 721 1166 Iohannis.
760 1101 844 1182 quod
872 1121 932 1166 non
961 1104 1198 1182 praetereunter
1225 1098 1458 1164 aduertendum
1490 1121 1501 1156 s

304 1212 363 1285 est,
398 1211 436 1272 ut
471 1206 721 1284 meminerimus,
760 1207 1028 1289 quemadmodum
1066 1207 1126 1272 sibi
1160 1207 1379 1291 euangelistae
1410 1206 1456 1268 iu·

302 1315 409 1392 uicem
438 1314 638 1379 adtestantur
665 1315 703 1378 de
732 1314 922 1398 quibusdam
947 1316 1044 1380 etiam
1068 1335 1148 1397 quae
1172 1314 1235 1397 ipsi
1260 1333 1321 1377 non
1347 1313 1460 1376 dieunt

304 1424 336 1486 et
363 1425 469 1485 tamen
498 1420 585 1486 diota
613 1425 778 1486 noueruut.
812 1424 886 1504 post
913 1422 990 1486 haee
1018 1420 1122 1486 Luoas
1152 1439 1232 1503 quae
1262 1423 1354 1502 gesta
1382 1421 1459 1482 sunt

304 1508 411 1591 omnia
445 1527 671 1610 praetermittit
708 1545 765 1592 neo
800 1529 925 1592 omnino
959 1529 1197 1604 commemorat,
1235 1525 1298 1589 nisi
1330 1523 1457 1607 quaudo

304 1635 396 1698 lesus
434 1633 578 1698 aseendit
614 1635 645 1698 in
683 1635 818 1712 eaelum,
856 1634 959 1716 adque
997 1634 1030 1698 id
1062 1637 1168 1698 tamen
1201 1632 1247 1696 ita
1280 1631 1457 1716 coniungit,
1477 1656 1501 1694 ιο

305 1741 397 1822 quasi
424 1742 484 1806 hoo
513 1744 664 1823 sequatur
687 1741 765 1805 haee
788 1741 896 1818 uerba,
925 1759 1006 1824 quae
1030 1741 1118 1817 dixit,
1147 1759 1219 1804 oum
1245 1740 1305 1804 hoe
1329 1743 1457 1822 gestum

305 1847 348 1912 sit
371 1865 433 1911 una
456 1847 673 1923 sabbatorum,
697 1867 760 1929 quo
786 1847 836 1911 die
861 1847 1008 1911 dominus
1036 1847 1217 1928 resurrexit,
1241 1845 1322 1910 illud
1350 1849 1457 1909 eutem

305 1953 568 2039 quadragensimo
604 1953 666 2032 die,
704 1954 789 2018 sieut
821 1953 905 2018 idem
937 1953 1006 2037 ipse
1039 1954 1142 2018 Luoas
1173 1953 1206 2016 in
1240 1945 1457 2034 apostolorum

306 2060 430 2124 actibus
451 2062 565 2124 narrat.
590 2060 675 2143 quod
698 2062 805 2124 autem
825 2060 904 2124 dioit
922 2060 1078 2124 lohannes
1097 2079 1158 2124 nou
1179 2077 1250 2123 oum
1271 2058 1337 2122 illis
1357 2059 1457 2123 luisse

305 2168 383 2230 tune
418 2166 599 2248 apostolum
632 2165 796 2242 Thomam
835 2185 906 2230 eum
941 2165 1117 2230 seeundum
1150 2166 1268 2229 Lucam
1302 2165 1366 2229 duo
1400 2164 1455 2241 illi,
1476 2189 1498 2226 n.

307 2291 442 2355 quorum
476 2276 542 2337 erat
573 2292 656 2336 unus
695 2271 839 2356 cleopas,
872 2273 1008 2356 regressi
1043 2263 1259 2336 Hierusalem
1277 2271 1457 2336 inuenerint

308 2374 518 2466 congregatos
536 2379 683 2445 undecim
704 2382 737 2444 et
760 2398 813 2444 eos
834 2379 888 2462 qui
908 2399 980 2444 eum
1000 2379 1080 2462 ipsis
1105 2381 1202 2456 erant,
1227 2379 1339 2461 proeul
1364 2379 1456 2442 dubio

310 2487 557 2571 intellegendum
591 2491 651 2564 est,
676 2487 762 2568 quod
788 2486 861 2551 iude
890 2486 1027 2550 Thomas
1061 2487 1181 2562 exierit
1213 2489 1387 2567 antequem
1415 2485 1458 2548 eis

311 2593 457 2659 domiuus
480 2593 558 2657 haee
580 2593 785 2675 loquentibus
810 2596 982 2677 appareret.

246 2707 287 2770 75
355 2701 438 2767 Hine
456 2701 518 2765 iam
540 2700 694 2765 lohannes
713 2699 809 2764 aliam
833 2704 1060 2766 commemorat
1083 2701 1133 2764 sui
1157 2699 1457 2764 demonstrationem
1475 2717 1500 2756 so

312 2807 471 2873 adomino
490 2807 657 2889 discipulis
676 2808 793 2871 laetam
816 2810 890 2888 post
908 2807 975 2871 dies
996 2813 1078 2884 outo,
1098 2807 1241 2872 obierat
1259 2808 1292 2870 et
1311 2806 1456 2880 Thomas,

312 2915 367 2996 qui
397 2914 484 2998 prius
517 2933 589 2977 eum
622 2932 683 2978 uon
713 2913 844 2978 uideret.
878 2913 946 2977 ²⁶et
975 2916 1069 2995 post
1097 2913 1184 2977 dies
1214 2915 1317 2988 octo,
1347 2909 1455 2993 inquit,

313 3021 458 3086 iterum
487 3022 601 3084 erant
628 3020 831 3103 discipuli
861 3020 948 3083 eius
978 3020 1091 3083 intus
1122 3022 1153 3083 et
1177 3019 1350 3082 Thomas
1375 3036 1456 3082 eum

313 3127 388 3202 eis3
417 3126 533 3191 uenit
560 3127 676 3191 Iesus
704 3127 842 3191 ianuis
872 3126 1031 3190 eleusis
1055 3129 1094 3189 et
1119 3125 1244 3190 stetit
1266 3125 1305 3187 iu
1330 3123 1456 3188 medio

316 3236 354 3297 et
382 3233 499 3297 dixit:
535 3252 609 3314 pax
636 3232 766 3297 uobis.
805 3231 979 3296 ²⁷deinde
1009 3231 1114 3295 dicit
1141 3231 1329 3296 Thomas:
1358 3230 1497 3294 inferas

315 3339 492 3422 digitum
520 3342 633 3404 tuum
661 3341 736 3403 hue
765 3342 805 3402 et
833 3339 926 3402 uide
960 3357 1096 3402 manus
1135 3357 1242 3402 meas
1278 3341 1317 3402 et
1351 3338 1457 3402 adfer

403 3599 552 3654 4et.10h.
574 3601 614 3661 14,
634 3599 668 3654 26
675 3622 682 3664 ;
703 3602 745 3661 rs,
764 3599 799 3652 22
855 3599 889 3653 ro
908 3599 940 3654 ef.
960 3599 1026 3653 uuo.
1046 3599 1089 3666 24,
1109 3599 1146 3682 so
1163 3602 1192 3652 es
1211 3598 1242 3651 51
1297 3598 1330 3652 13
1350 3597 1382 3652 u.
1400 3582 1454 3649 le.

318 3689 341 3753 1,
361 3689 430 3741 2-e
487 3688 521 3741 14
540 3687 573 3740 cf.
592 3687 649 3741 Ioh.
669 3687 713 3756 2ο,
731 3687 779 3752 aa
800 3687 834 3741 cr.
853 3687 918 3741 nuc.
937 3688 981 3754 24,
1001 3686 1036 3742 ee
1091 3688 1126 3741 22
1145 3687 1220 3740 *rou
1240 3687 1283 3755 ao,
1302 3686 1406 3740 22-22

354 3846 367 3898 1
387 3845 480 3914 mitto]
501 3844 608 3898 mittam
627 3865 669 3916 χω
686 3845 774 3899 rael
833 3861 899 3898 uos
918 3859 967 3898 sae.
987 3861 1038 3899 oms
1059 3843 1098 3898 Β1
1189 3844 1329 3916 22211212]
1349 3843 1411 3898 add.
1428 3842 1454 3894 in

318 3935 430 3987 ciuitate
449 3935 528 4002 (tem
548 3931 602 3997 H²J
622 3933 690 4002 N²Q
707 3931 792 3987 H’u'}
809 3951 866 4003 γχω
885 3933 944 3988 edd.
1037 3949 1195 4002 quousque
1219 3933 1277 4002 Vp
1359 3931 1455 3984 uirtute

316 4022 377 4076 FN
388 4022 534 4090 pqrulo
596 4022 724 4091 4quam]
744 4020 817 4090 qnod
836 4020 902 4076 B¹R
965 4021 1132 4077 hiohaunes
1155 4022 1207 4076 GP
1260 4019 1457 4075 ladtestentur

317 4113 378 4180 (att.
402 4108 509 4178 0>13R
529 4109 555 4164 O·
569 4109 637 4180 E²q
653 4127 685 4178 p,
704 4109 877 4164 adtestantur
895 4113 955 4179 (att.
973 4110 1062 4178 OPN)
1081 4117 1127 4165 eet.
1167 4112 1200 4165 10
1220 4111 1391 4180 coniungitur
1403 4107 1431 4160 D
1442 4121 1456 4156 2·

319 4201 350 4252 ll
372 4200 521 4268 sequantur
537 4197 662 4252 HAE¹L
682 4215 724 4252 oe
806 4200 838 4252 12
858 4200 1006 4252 surrexitr
1090 4201 1122 4253 16
1142 4217 1210 4254 unns
1231 4202 1290 4254 erat
1303 4217 1351 4269 pp
1417 4197 1454 4247 iu·

318 4290 452 4340 uenerunt
469 4284 542 4355 Ε”γ
599 4286 631 4339 18
650 4290 775 4341 antaeum
795 4287 833 4340 Β1
885 4289 919 4342 20
935 4287 988 4342 alia
1007 4288 1035 4342 Β
1080 4289 1114 4343 25
1133 4281 1217 4342 infert
1239 4287 1273 4359 9¹
1324 4289 1358 4344 26
1377 4287 1454 4340 ditum

319 4372 385 4426 E1L
457 4373 532 4427 aufer
550 4373 597 4441 B¹,
617 4375 706 4429 adfert
727 4375 769 4446 0¹,
790 4375 869 4430 affers
888 4374 1013 4430 Hem
