3184 5234
271 452 290 515 6
623 444 649 499 S.
678 443 817 498 Aureli
843 441 1061 512 Augustini

160 667 163 670 ·
225 640 245 704 6
315 637 396 704 Cum
420 657 494 722 ergo
514 637 678 702 Mattheus
702 636 785 701 circa
808 636 905 720 rogis,
923 635 1026 700 Lucas
1050 635 1135 702 circa
1157 633 1331 702 sacerdotis
1348 653 1417 718 por·

270 764 381 811 sonam
399 747 521 830 gereret
538 743 755 820 intentionem,
770 743 881 826 utique
900 741 1131 808 humanitatem
1145 741 1264 808 Christi
1282 741 1417 807 marimo

271 851 541 917 commendarunt.
565 851 740 918 secundum
764 850 925 916 hominem
949 849 1066 934 quippe
1090 849 1236 916 Christus
1260 851 1292 914 et
1314 866 1367 916 ror
1385 850 1418 912 ot

271 957 418 1024 sacerdos
442 957 574 1022 effectus
598 960 657 1040 est,
682 957 734 1022 cui
758 956 848 1023 dedit
870 956 950 1022 deus
975 956 1084 1021 sedem
1107 955 1213 1022 Dauid
1236 953 1416 1039 patrissui,

270 1068 308 1130 ut
330 1063 419 1148 regni
442 1063 511 1129 eius
534 1083 596 1128 non
621 1066 707 1130 esset
728 1062 801 1128 finis
830 1065 863 1128 ct
892 1066 979 1128 esset
1007 1062 1044 1127 ad
1072 1062 1337 1146 interpellandum
1359 1079 1416 1144 pro
1448 1081 1462 1126 a

270 1170 362 1237 nobis
394 1169 549 1235 mediator
580 1168 639 1235 dei
663 1173 695 1234 et
726 1169 891 1234 hominum
923 1168 1017 1234 homo
1047 1167 1194 1234 Christus
1220 1168 1324 1236 Iesus,
1356 1185 1417 1233 non

271 1281 378 1342 autem
405 1276 519 1345 hebuit
543 1279 706 1359 tamquam
734 1274 946 1341 breuiatorom
974 1275 1177 1341 coniunctum
1203 1275 1306 1342 Lucas
1333 1273 1420 1340 sicut

270 1384 412 1449 Marcum
437 1381 612 1461 Mattheus,
636 1385 668 1446 et
690 1381 749 1447 hoc
778 1382 862 1448 forto
889 1401 950 1448 non
979 1382 1048 1446 sine
1075 1382 1181 1465 aliquo
1210 1383 1417 1458 sacramento,

272 1490 484 1574 quiarogum
513 1492 651 1553 estnon
680 1505 750 1552 csse
779 1488 847 1552 sine
875 1487 1029 1553 comitum
1057 1488 1220 1571 obsequio.
1242 1488 1326 1554 unde
1351 1487 1417 1564 ille,

272 1595 327 1678 qui
344 1595 465 1678 regiam
484 1611 651 1678 porsonam
671 1591 790 1659 Christi
809 1594 994 1659 narrandam
1013 1597 1206 1679 susceperat,
1225 1593 1339 1660 habuit
1355 1592 1419 1658 sibi
1438 1615 1465 1656 ro

271 1705 435 1783 tamquam
458 1699 607 1765 comitam
631 1700 829 1777 adiunctum,
853 1701 908 1784 qui
937 1721 996 1766 sua
1022 1702 1163 1787 uestigia
1185 1700 1418 1785 quodammodo

273 1810 467 1890 sequeretur,
488 1807 634 1872 sacerdos
654 1809 758 1872 autem
778 1808 978 1891 quoniamin
997 1812 1306 1874 sanctasanctorum
1330 1809 1419 1873 solus

270 1914 418 1991 intrabat,
442 1916 609 1996 propteroa
627 1914 741 1992 Lucas,
762 1915 855 1980 ouius
879 1915 963 1981 circa
981 1915 1193 1981 sacerdotium
1214 1914 1333 1981 Christi
1353 1917 1421 1980 orat

271 2020 413 2099 intentio,
436 2038 497 2085 non
520 2019 633 2084 habuit
651 2024 814 2103 tamquam
834 2020 959 2086 socium
978 2021 1235 2104 subsequentem,
1256 2020 1310 2102 qui
1329 2038 1420 2086 suam

271 2126 479 2193 narrationem
503 2127 735 2208 quodammodo
759 2127 928 2192 breuiarot.
1439 2151 1467 2192 re

182 2234 247 2302 Η
317 2234 393 2299 dhes
416 2237 522 2298 tamen
545 2234 601 2298 isti
626 2235 843 2318 euangelistae
861 2233 893 2298 in
913 2234 962 2299 his
985 2233 1080 2299 rebus
1103 2234 1237 2300 maximo
1260 2233 1420 2299 deuersati

273 2343 356 2419 sunt,
382 2359 460 2422 quas
479 2340 626 2406 Christus
646 2360 703 2423 per
719 2341 890 2406 humanam
915 2360 1039 2406 carnem
1061 2341 1281 2425 temporaliter
1302 2340 1419 2425 gessit3

271 2466 363 2531 porro
388 2451 495 2513 autem
517 2447 673 2513 Iohannes
697 2447 803 2530 ipsam
824 2447 960 2514 maxime
984 2448 1184 2514 diuinitatem
1208 2447 1420 2530 dominique

271 2554 353 2638 patri
381 2558 431 2619 est
458 2554 609 2636 aequalis,
640 2553 777 2618 intendit
800 2573 932 2637 eamque
959 2555 1127 2639 praecipue
1155 2574 1214 2620 suo
1243 2554 1419 2639 euangelio,
1577 2538 1578 2595 i

273 2663 427 2742 quantum
450 2659 531 2725 inter
553 2661 698 2725 homines
717 2660 863 2726 sufficere
882 2662 1026 2740 credidit,
1046 2662 1265 2727 commendare
1285 2660 1419 2727 curauit.
1437 2682 1466 2724 ao

273 2769 380 2848 itaque
403 2767 498 2849 louge
522 2786 539 2830 a
562 2766 665 2832 trihus
688 2767 761 2831 istis
786 2768 933 2852 superius
961 2769 1070 2847 fertur,
1094 2769 1140 2833 ita
1167 2771 1205 2833 ut
1226 2769 1285 2834 hos
1308 2768 1419 2834 uideas

274 2871 505 2957 quodammodo
534 2873 566 2937 in
594 2877 677 2938 terra
704 2892 777 2939 cum
802 2872 928 2940 Christo
957 2874 1084 2941 homine
1112 2876 1301 2951 conuersari,
1327 2876 1419 2940 illum

274 2983 381 3045 autom
403 2979 639 3045 transcendisse
663 2980 820 3060 nebulam,
846 3000 908 3064 qua
929 2981 1051 3068 tegitur
1069 2983 1170 3048 omnis
1189 2986 1281 3061 terra,
1301 2987 1334 3048 et
1351 3002 1420 3066 per-

273 3086 400 3154 uenisse
433 3085 473 3151 ad
503 3086 662 3170 liquidum
697 3087 830 3164 caelum,
863 3088 945 3152 unde
983 3088 1050 3153 acie
1087 3089 1203 3154 mentis
1236 3088 1420 3154 acutissima

363 3260 680 3330 aef.infra4,1o,11
737 3263 1094 3333 aef.1‚ue.1,32et33
1149 3263 1419 3328 oof.1Tim.2‚5

275 3350 308 3404 12
329 3349 362 3404 cf.
381 3349 446 3404 Len.
468 3351 509 3414 16,
531 3350 564 3404 17
626 3351 659 3405 18
679 3349 712 3405 ci.
731 3351 759 3404 in
778 3351 837 3409 Ioh.
858 3368 900 3406 eu.
920 3355 953 3407 tr.
974 3353 1017 3422 36,
1038 3353 1051 3405 1
1130 3353 1165 3406 23
1185 3352 1219 3407 ci.
1238 3353 1321 3407 Eccli.
1341 3353 1385 3422 24,
1402 3355 1419 3407 6

274 3440 308 3493 24
328 3438 486 3494 ci.inIoh.
507 3441 600 3494 eutr.
623 3439 645 3508 1,
666 3441 695 3504 5;
715 3440 795 3507 38,6

309 3545 451 3616 datique]
472 3545 516 3600 dei
536 3562 603 3614 quae
626 3545 656 3617 Q,
676 3546 784 3616 utrique
804 3562 903 3601 orem
957 3547 973 3600 3
994 3546 1214 3603 commendarent
1234 3547 1266 3620 Q,
1286 3565 1419 3604 commen·

274 3635 629 3706 daueruntDHAELSq
684 3637 712 3690 et
721 3652 768 3705 pr.
783 3652 834 3689 om.
849 3635 935 3691 ΒΓΖ)
971 3637 1126 3707 dedoctus]
1147 3637 1271 3709 iactusp
1325 3637 1418 3706 dauid]

274 3739 325 3779 om.
343 3724 408 3791 BT,
426 3749 454 3777 a·
472 3723 503 3778 D
557 3727 620 3779 5ut
632 3740 654 3778 r.
670 3741 691 3778 e.
707 3740 760 3778 non
776 3727 860 3795 esset]
880 3730 909 3779 et
922 3743 942 3782 r.
959 3742 982 3779 e.
995 3742 1050 3779 non
1065 3730 1107 3780 est
1123 3725 1173 3780 ΟΡ
1185 3725 1234 3794 (ef.
1248 3725 1318 3782 Luc.
1332 3731 1355 3796 1,
1370 3726 1420 3796 33)

275 3815 313 3884 ct]
333 3817 365 3868 ut
384 3813 489 3869 0²P²V
543 3811 552 3815 ”
577 3813 593 3866 8
612 3812 692 3883 forte]
711 3812 827 3868 fortasse
845 3815 1008 3870 Droelm
1100 3814 1116 3867 9
1136 3816 1211 3887 quia]
1232 3817 1297 3887 quia
1315 3816 1385 3869 enim
1403 3833 1421 3885 p

275 3903 413 3972 comitum]
435 3903 579 3958 comitatus
598 3919 639 3974 χν,
659 3903 790 3958 comitatu
806 3924 827 3954 ω
866 3905 898 3959 ll
919 3905 1090 3960 coniunctam
1098 3923 1121 3974 p
1176 3906 1234 3975 qui]
1251 3904 1420 3975 quiaRE¹L

276 3991 309 4046 16
328 3994 384 4045 tres
403 3994 465 4059 (om.
485 3993 576 4044 tamen
594 3991 653 4059 isti)
673 3991 748 4046 Hub.
771 3991 873 4047 Theod.
892 3993 976 4063 incip.
1107 3993 1245 4048 deuerssti
1263 3994 1302 4048 Β*
1324 3992 1424 4048 ΟΝΙΜ

273 4077 447 4148 HAELSU,
466 4079 596 4146 diuersati
615 4086 671 4149 oct„
690 4081 751 4136 edd.
808 4082 841 4136 17
861 4081 1139 4151 qaeeHuh.1’hood.
1212 4099 1261 4152 per
1278 4098 1331 4138 om.
1344 4083 1421 4136 Hah.

277 4169 379 4223 Theod.
436 4169 469 4223 18
488 4170 590 4238 entem]
611 4185 662 4223 om.
681 4169 758 4228 Hob.
781 4170 894 4239 Theoti„
914 4173 1004 4225 autem
1023 4170 1081 4241 ipso
1100 4189 1115 4226 r
1168 4171 1268 4241 ipsam]
1287 4173 1316 4224 in
1335 4170 1421 4241 ipsam

275 4256 317 4312 N²
408 4258 441 4312 19
459 4258 545 4328 petris
564 4257 639 4312 Hah.
664 4258 764 4316 Theod.
874 4275 933 4314 eam
953 4274 1022 4329 quae
1040 4260 1075 4329 L,
1094 4276 1189 4329 camp
1279 4259 1422 4314 2210ιηί-

274 4363 336 4401 nem
354 4345 450 4400 A¹EL
910 4345 913 4350 ’
