3184 5234
203 489 244 541 de
274 506 469 544 consensu
497 493 909 560 euangelistarumlib.
928 493 964 546 Il.
985 511 1041 564 cap.
1060 494 1158 548 LXXX
1200 499 1263 562 265

111 687 256 766 possent,
284 686 494 765 praemonuit,
522 685 607 767 quod
637 685 789 749 indicium
824 691 1039 768 sequerentur,
1069 689 1106 752 de
1138 690 1264 754 homine

113 795 260 872 gestante
287 811 386 874 aquae
414 793 579 875 laguenam
608 792 662 855 uel
694 794 888 874 amphoram,
916 799 953 857 ut
985 813 1057 858 eum
1090 797 1192 860 secuti
1225 797 1264 860 ad

113 899 258 973 domum,
286 917 380 978 quern
407 898 545 972 uolebat,
569 899 723 964 uenirent.
753 917 825 963 eum
852 900 960 980 itaque
988 919 1049 964 non
1076 901 1127 965 hie
1155 906 1264 984 posset
1371 921 1373 928 ’

112 1005 177 1068 diei
201 1005 255 1068 ‘ite
279 1005 318 1067 ad
342 1005 537 1086 quemlibet',
562 1006 646 1086 quod
669 1006 835 1087 integritas
860 1007 987 1087 quidem
1014 1008 1183 1072 locutionis
1212 1009 1264 1072 ad-

87 1112 226 1185 smittit,
251 1111 309 1175 sed
330 1111 389 1175 hoo
412 1111 483 1175 loeo
506 1111 551 1174 rei
574 1113 680 1186 huius,
706 1132 786 1193 queo
810 1113 1037 1192 insinuabatur,
1060 1115 1178 1178 ueritas
1203 1133 1263 1179 non

114 1218 266 1291 admittit,
291 1223 407 1298 quanto
431 1218 535 1282 minus
559 1219 612 1282 hie
635 1218 697 1282 diei
719 1219 826 1300 potuit
844 1219 898 1282 ‘ite
922 1220 961 1283 ad
984 1219 1159 1301 quendem',
1180 1221 1264 1302 quod

115 1326 241 1388 omnino
270 1344 442 1405 numquam
472 1328 558 1387 reeta
584 1324 746 1388 locutione
775 1325 838 1390 diei
866 1329 985 1408 potest!
1015 1326 1070 1390 sed
1098 1327 1190 1409 plane
1219 1328 1263 1390 di·

115 1431 256 1512 scipulos
278 1451 295 1493 a
315 1430 441 1494 domino
460 1449 519 1494 non
536 1430 574 1493 ad
590 1431 775 1512 quemlibet,
795 1431 850 1495 sed
866 1432 904 1495 ad
920 1433 1075 1513 quendem
1094 1434 1263 1509 hominem,

115 1537 146 1599 id
170 1541 220 1601 est
244 1537 284 1600 ad
308 1540 430 1600 eertum
453 1536 590 1618 aliquem
615 1537 731 1600 missos
761 1557 833 1612 esse
859 1539 1063 1602 manifestum
1092 1542 1150 1603 est.
1180 1539 1263 1620 quod

79 1644 205 1707 anobis
238 1663 274 1707 ιι
305 1662 439 1725 persona
470 1663 528 1706 sna
562 1646 647 1708 reete
683 1644 789 1724 potuit
827 1645 1024 1728 euangelista
1061 1665 1194 1722 narrare,
1226 1652 1264 1709 ut

117 1751 234 1814 diceret
256 1750 356 1814 ‘misit
384 1769 438 1813 eos
467 1751 506 1813 ad
534 1751 702 1831 quendam,
725 1753 763 1813 ut
791 1750 931 1816 dicerent
955 1751 996 1815 ei:
1027 1758 1105 1834 aput
1126 1756 1158 1816 te
1181 1752 1262 1816 faoio

116 1856 251 1937 paseha'.
276 1857 382 1939 potuit
404 1857 499 1921 etiam
523 1858 569 1920 ιιι
597 1857 698 1921 ‘misit
724 1877 778 1922 eos
804 1860 843 1923 ad
871 1858 1028 1940 quendam
1057 1859 1178 1923 disens:
1207 1859 1262 1932 ite,

118 1965 209 2028 dieite
238 1965 282 2028 ei:
310 1968 387 2046 aput
409 1968 440 2028 te
463 1965 544 2028 facio
569 1965 706 2047 paseha’.
731 1984 767 2028 ae
785 1985 841 2046 per
860 1965 919 2029 hoe
939 1985 1010 2030 oum
1030 1966 1126 2030 uerba
1145 1965 1264 2029 domini

118 2071 276 2151 posuisset
307 2071 457 2135 dicentis:
489 2071 542 2134 ite
573 2072 609 2133 in
643 2071 850 2145 ciuitatem,
882 2072 1074 2154 interposuit
1103 2073 1190 2152 ipse:
1220 2073 1263 2135 ad

84 2195 103 2230 n
120 2178 306 2256 quendem,
335 2196 395 2240 non
424 2178 499 2258 quia
525 2178 586 2242 hoo
614 2178 760 2241 dominus
785 2179 907 2253 dixerit,
933 2178 988 2242 sed
1016 2182 1052 2242 ut
1075 2179 1143 2259 ipse
1171 2179 1261 2242 nobis

119 2283 287 2347 insinuaret
310 2284 407 2347 taeito
431 2284 555 2347 nomine
579 2284 679 2347 fuisse
703 2285 859 2366 quendam
882 2285 914 2348 in
938 2285 1077 2360 ciuitate,
1102 2285 1141 2348 ed
1169 2303 1262 2366 quem

120 2389 232 2452 domini
261 2390 412 2472 discipuli
438 2390 656 2467 mittebantur,
684 2394 722 2454 ut
748 2395 969 2473 praepararent
995 2391 1122 2472 paseha.
1152 2409 1188 2454 ao
1216 2391 1261 2454 ιιι

121 2497 293 2576 posthanc
322 2517 357 2560 ιι
384 2516 518 2580 persona
545 2516 603 2560 sua
630 2498 903 2579 interpositionem
931 2498 1065 2561 duorum
1092 2498 1262 2562 uerborum

121 2604 258 2683 seqnitur
286 2604 427 2668 ordinem
459 2605 628 2669 uerborum
662 2604 780 2668 domini
813 2604 960 2668 dicentis:
996 2609 1031 2668 et
1065 2604 1180 2667 dieite
1214 2603 1261 2666 ei:

85 2721 106 2760 ιο
121 2710 294 2792 magister
318 2710 421 2774 dieit.
445 2712 509 2774 iam
528 2711 611 2774 enirn
631 2711 658 2774 si
678 2729 823 2792 quaeras:
845 2714 916 2774 eui?
936 2715 1020 2774 reete
1039 2710 1261 2791 respondetur:

120 2814 164 2875 illi
190 2816 314 2879 cuidam
342 2817 473 2890 homini,
502 2818 542 2880 ad
570 2837 662 2898 quern
691 2816 818 2880 misisse
846 2817 1022 2880 insinuauit
1054 2815 1261 2900 euangelista,

123 2938 186 2984 eum
223 2942 258 2986 ιι
295 2941 431 3004 persone
464 2941 521 2985 sua
553 2922 812 3002 interposuisset:
847 2922 890 2985 ad
931 2921 1120 3003 quendam.
1158 2923 1262 2986 minus

123 3029 240 3108 quidem
268 3029 389 3093 usitata
416 3030 547 3104 locutio,
576 3029 632 3092 sed
659 3033 765 3092 tamen
793 3030 840 3092 sio
866 3029 1029 3093 intellecta
1059 3029 1262 3112 integerrima

123 3138 179 3210 est3
210 3139 265 3199 aut
297 3135 325 3200 si
356 3136 452 3200 habet
483 3135 603 3216 aliquid
635 3136 837 3216 proprietatis
869 3136 1013 3198 Hebraea
1048 3135 1167 3218 lingua,
1201 3154 1262 3216 qua

87 3241 296 3320 spernimur
329 3243 496 3323 scripsisse
524 3242 698 3315 Mattheus,
734 3247 769 3304 ut
799 3243 893 3306 etiarn
926 3245 1028 3306 totum
1062 3262 1097 3305 ιι
1128 3260 1262 3322 persona

125 3345 231 3410 domini
260 3349 380 3412 dietum
407 3349 579 3413 locutionis
608 3349 788 3432 integritate
818 3369 877 3412 non
903 3351 1016 3425 eareat,
1041 3347 1179 3411 uiderint
1207 3348 1258 3428 qui

203 3591 235 3643 25
255 3590 287 3645 ef.
308 3607 390 3659 supra
408 3590 425 3643 l.
446 3591 470 3656 1,
490 3607 512 3643 ι.
532 3592 557 3652 2,
577 3607 603 3643 n.
622 3592 651 3654 43
672 3591 691 3644 l.
709 3592 734 3653 2,
754 3607 776 3644 ι.
796 3593 839 3657 66,
859 3608 885 3643 n.
906 3591 958 3644 128

157 3764 171 3814 2
187 3766 338 3836 lagoenam]
358 3768 520 3835 laguaenam
534 3767 569 3827 B,
588 3768 731 3836 lagoenam
754 3767 804 3820 GP
819 3765 921 3829 ΑἛΙι,
941 3767 1069 3835 lagynam
1083 3765 1119 3833 R,
1136 3767 1205 3836 ·gin.
1229 3767 1259 3825 T,

126 3867 190 3918 -gem
207 3855 247 3908 N²
266 3855 325 3909 edd.
382 3855 513 3909 amforam
530 3857 558 3909 B
579 3854 665 3924 ONQ,
685 3856 738 3909 anf.
758 3856 872 3910 HAEL
908 3855 1072 3908 3uolebant
1090 3855 1128 3908 Β1
1147 3854 1260 3909 Hane

126 3938 178 3993 edd.
194 3951 304 4010 praetm
323 3945 369 3997 lm
421 3945 467 3998 hie
485 3960 538 3997 non
553 3961 575 4010 p
620 3943 739 4013 tquod]
760 3943 893 4012 quomodo
912 3942 941 3996 R
988 3944 1020 3996 12
1040 3944 1089 4012 ιιι]
1110 3945 1149 3998 ιιι
1169 3961 1226 3997 esse
1236 3961 1259 4012 p

128 4025 157 4080 13
170 4029 275 4102 domini]
289 4033 356 4086 add.
370 4033 495 4086 matheus
503 4049 523 4100 p
561 4031 835 4085 mercenariam
874 4032 906 4085 16
917 4033 1056 4086 ciuitatem
1072 4031 1133 4086 0¹1>
1170 4033 1201 4084 17
1216 4035 1259 4099 ao]

126 4114 170 4168 hac
188 4119 245 4173 0¹1³
306 4122 340 4175 18
359 4122 566 4189 interpositione
584 4121 612 4172 B
630 4121 669 4174 E¹
735 4122 766 4174 19
785 4122 923 4190 sequimur
944 4120 999 4182 GP,
1018 4125 1176 4190 sequeretur
1193 4138 1261 4174 rae

127 4204 159 4256 20
174 4209 221 4277 eui]
240 4227 285 4263 eur
304 4210 329 4263 ei
347 4209 441 4273 RTD,
460 4210 503 4263 cui
522 4210 581 4262 eir
643 4209 852 4278 responderetur
869 4209 909 4262 Bl
930 4208 986 4272 GP,
1006 4209 1201 4278 respondeatur
1218 4209 1260 4263 N²

127 4293 156 4344 21
172 4297 280 4368 misisse]
301 4299 367 4353 aad.
387 4316 448 4352 eum
466 4297 510 4350 N²
570 4297 734 4367 insinuatQ
778 4299 813 4350 22
832 4299 931 4366 minus]
954 4302 982 4352 et
999 4299 1123 4368 minusp
1168 4299 1201 4353 23
1221 4300 1259 4352 ιιι

127 4397 172 4433 ιιι.
188 4386 222 4437 B¹
274 4389 308 4440 26
327 4387 452 4440 uiderent
473 4385 514 4449 0¹,
534 4387 685 4439 uiderent-s
704 4389 783 4453 (eros.
804 4389 845 4453 ur)
864 4387 897 4450 P,
917 4387 1030 4440 uideant
1047 4404 1063 4439 r
