3184 5234
321 545 386 611 328
667 543 694 599 S.
722 544 859 600 Aureli
887 544 1105 615 Augustini

253 735 297 797 44
367 734 399 801 Si
423 739 529 801 autem
554 736 626 817 quis
650 736 764 801 dixerit
785 736 859 801 inde
882 757 917 802 se
940 738 1127 804 conuincere
1150 758 1212 803 non
1234 739 1337 805 luisse
1360 742 1463 807 horam

321 844 458 921 tertiam,
483 862 556 908 cum
574 843 656 908 illud
674 844 784 907 ludaei
804 844 1032 923 clamaneruut,
1056 846 1142 928 quia,
1164 849 1374 930 posteaquam
1395 849 1465 913 dixit

319 951 405 1014 idem
437 950 580 1015 Marcus:
616 949 793 1015 ¹‘Pilatus
826 956 951 1016 autem
982 952 1119 1017 iterum
1151 953 1385 1036 respondens
1418 956 1465 1019 ait

319 1054 418 1120 illis:
453 1053 543 1138 quid
577 1072 664 1139 ergo
697 1056 820 1119 uultis
849 1056 985 1121 faciam
1012 1057 1097 1141 regi
1124 1057 1372 1123 Indaeorum?
1407 1060 1465 1124 ¹³at

320 1163 382 1228 illi
406 1163 542 1227 iterum
562 1162 840 1226 clamauernnt:
861 1162 1048 1246 crucifige
1067 1183 1160 1242 eum,
1179 1183 1239 1229 non
1258 1166 1465 1249 interponitur
1490 1189 1499 1225 s

320 1269 442 1353 aliquid
455 1288 615 1334 morarum
631 1269 670 1333 ah
685 1270 796 1334 eodem
810 1269 917 1334 Marco
935 1270 969 1335 in
988 1271 1057 1335 eius
1076 1272 1252 1337 narratione
1270 1275 1303 1336 et
1321 1274 1475 1345 continno,

321 1376 361 1441 ad
382 1376 416 1441 id
438 1376 633 1459 peruenitur,
657 1380 694 1439 ut
717 1376 893 1441 traderetur
916 1376 957 1440 ad
979 1396 1105 1442 crucem
1134 1378 1280 1444 dominns
1309 1399 1327 1443 a
1354 1380 1465 1456 Pilato,

320 1482 406 1566 quod
432 1484 588 1547 Iohannes
616 1482 693 1547 hora
725 1484 817 1565 quasi
850 1491 939 1548 sexta
970 1484 1091 1549 factum
1124 1504 1196 1550 esso
1232 1491 1465 1554 commemorat.

320 1590 487 1675 intellegat
510 1590 565 1672 qui
582 1590 642 1654 hoc
666 1589 745 1655 dicit
767 1592 871 1655 multa
889 1591 1111 1673 praetermissa
1131 1610 1200 1657 esse
1219 1609 1299 1673 qnae
1317 1591 1351 1655 in
1366 1594 1465 1657 medio

266 1780 273 1786 .
322 1698 413 1779 gesta
429 1699 512 1773 sunt,
524 1714 596 1760 oum
606 1695 731 1761 Pilatus
747 1699 856 1781 ageret
869 1714 1035 1778 quaerens,
1050 1698 1208 1777 quomodo
1224 1716 1297 1761 eum
1310 1716 1330 1761 a
1343 1698 1466 1763 Indaeis
1481 1722 1500 1761 a

321 1803 458 1885 eriperet
480 1806 512 1867 et
534 1802 690 1869 aduersus
714 1822 824 1869 eorum
846 1803 1083 1869 insanissimam
1106 1806 1316 1882 uoluntatem,
1341 1807 1467 1888 quibus-

322 1928 458 1992 cumque
472 1910 576 1975 modis
590 1910 707 1993 potuit,
717 1910 948 1976 instantissime
963 1911 1126 1975 niteretur.
1136 1911 1302 1976 Mattheus
1312 1913 1397 1977 enim
1412 1914 1466 1977 ait:

322 2016 449 2080 ”dicit
475 2016 558 2080 illis
585 2016 753 2081 Pilatus:
782 2017 872 2100 quid
900 2017 1022 2101 igitur
1049 2016 1185 2081 faciam
1208 2018 1251 2082 de
1278 2019 1379 2096 Iesu,
1409 2021 1467 2101 qui

267 2170 272 2177 .
322 2123 465 2189 dicitur
497 2123 694 2189 Christus?
729 2122 890 2189 2³dicunt
922 2143 1063 2189 omnes:
1098 2124 1361 2207 crucifigatur.
1394 2129 1468 2190 tnnc

321 2228 422 2292 fnisse
441 2227 577 2293 dicimus
597 2229 706 2293 horam
720 2228 858 2293 tertiam.
880 2227 965 2311 quod
979 2231 1087 2293 antem
1099 2228 1264 2293 Mattheus
1280 2231 1426 2311 seqnitur
1439 2234 1467 2294 et
1482 2251 1501 2292 n

321 2338 440 2399 narrat:
461 2334 623 2399 24uidens
644 2338 769 2399 antem
782 2334 943 2413 Pilatus,
959 2334 1047 2417 quia
1061 2335 1158 2398 nihil
1171 2335 1390 2417 proficeret,
1407 2338 1467 2403 sed

322 2440 441 2524 magis
461 2442 649 2505 tumultus
668 2440 794 2519 lieret,
815 2444 848 2505 at
864 2440 897 2505 in
916 2440 1082 2505 conatibus
1100 2440 1199 2505 Pilati
1217 2441 1256 2506 ad
1274 2443 1465 2524 eripiendum

321 2547 484 2611 dominum
505 2548 536 2611 et
549 2547 580 2609 in
600 2546 744 2611 tumultu
758 2548 947 2613 Iudaeorum
961 2550 1070 2612 contra
1082 2547 1252 2612 nitentium
1268 2554 1465 2613 consumtum

320 2658 448 2735 tempus
468 2654 603 2717 duarum
621 2654 770 2718 horarum
786 2652 1006 2737 intellegimus
1020 2656 1052 2717 et
1065 2656 1210 2736 coeptam
1223 2653 1325 2718 fuisse
1339 2660 1464 2728 sertam,

322 2778 384 2839 qna
410 2759 549 2823 nondum
577 2758 745 2847 terminata
773 2761 866 2843 gesta
892 2762 968 2823 sunt
994 2778 1076 2841 qnae
1103 2759 1141 2822 ab
1172 2778 1208 2823 eo
1231 2762 1385 2841 tempore,
1407 2779 1463 2843 qno
1479 2781 1500 2820 a

322 2864 444 2929 Pilatus
469 2864 630 2929 dominum
654 2864 795 2943 tradidit,
819 2865 981 2947 usquead
1003 2865 1149 2929 tenebras
1172 2865 1273 2929 factas
1296 2869 1464 2929 narrantur.

322 2971 406 3051 qued
430 2974 536 3036 autem
560 2972 724 3036 Mattheus
749 2992 845 3055 supra
869 2975 1108 3037 commemorat:
1140 2971 1323 3037 19sedente
1348 2977 1463 3037 antem

321 3078 389 3141 illo
423 3096 487 3160 pro
520 3077 706 3143 tribunali
738 3078 845 3143 misit
878 3077 922 3140 ad
949 3077 1057 3141 illum
1088 3098 1179 3143 uror
1211 3079 1293 3143 eius
1327 3079 1461 3144 dicens:

320 3185 417 3249 nihil
445 3184 517 3248 tibi
546 3188 582 3249 et
609 3186 711 3249 iusto
740 3186 812 3263 illi,
839 3187 960 3249 multa
988 3185 1082 3249 enim
1112 3205 1222 3267 passa
1251 3205 1332 3249 sum
1360 3185 1463 3250 hodie

319 3310 385 3375 per
402 3290 525 3355 uisum
545 3293 698 3375 propter
717 3312 809 3370 enm,
825 3295 936 3375 postea
955 3291 1087 3355 sedebat
1099 3311 1156 3373 pro
1172 3291 1322 3356 tribunali
1336 3292 1462 3365 Pilatus,
1477 3309 1499 3350 aa

320 3398 376 3463 sed
404 3398 485 3463 inter
511 3399 568 3463 illa
596 3418 675 3480 quae
698 3400 786 3483 prius
811 3402 903 3482 gesta
925 3398 1071 3463 narrabat
1101 3398 1284 3464 recordatus
1309 3399 1462 3463 Mattheus

319 3505 405 3587 quod
425 3505 463 3569 de
481 3506 579 3570 Pilati
603 3525 696 3570 uxore
721 3506 800 3570 dixit
822 3505 926 3570 uoluit
948 3506 1009 3569 hoc
1027 3505 1072 3568 ibi
1093 3506 1302 3589 interponere,
1327 3510 1363 3570 nt
1384 3522 1463 3587 prae-

409 3698 426 3751 3
445 3698 528 3751 Maro.
551 3701 593 3760 15,
615 3698 647 3751 12
667 3700 695 3750 et
716 3698 749 3751 13
807 3697 839 3749 13
858 3695 956 3749 Matth.
976 3697 1020 3758 27,
1039 3696 1147 3749 22-24
1201 3698 1237 3750 22
1255 3696 1307 3749 *ih
1329 3697 1361 3749 19

357 3822 453 3890 lquis
472 3838 560 3891 casp
616 3837 644 3875 se
664 3820 727 3874 inde
746 3822 872 3875 racina
926 3820 1113 3888 tinterponit
1131 3819 1225 3874 AE¹L
1278 3821 1353 3888 6et]
1373 3816 1418 3870 sed
1439 3814 1461 3863 l'

320 3912 335 3963 7
356 3914 387 3964 ut
405 3910 569 3980 traderetur]
587 3910 785 3963 utramdeaatur
803 3908 842 3962 B¹
950 3909 967 3961 8
986 3907 1112 3961 iohannis
1134 3907 1196 3961 ΟΨ
1285 3908 1318 3961 10
1337 3925 1353 3961 a
1369 3902 1459 3960 oar-‚R

322 3998 558 4053 11uolumcatem
577 3999 605 4051 Β
697 3999 729 4051 13
757 3997 859 4050 diritr
965 3995 1064 4049 faciam
1083 4013 1134 4050 om.
1153 3996 1182 4050 R
1273 3998 1305 4049 17
1326 3999 1353 4049 et
1369 4011 1417 4047 om.
1433 3990 1458 4042 R

322 4088 355 4141 18
375 4086 523 4156 dominum]
540 4087 626 4140 iesum
642 4085 713 4141 dom.
727 4103 750 4154 r,
770 4086 840 4139 dom.
859 4087 946 4139 iesum
966 4084 1028 4138 acl
1083 4088 1226 4139 consumtu
1244 4085 1273 4137 B
1310 4085 1343 4137 19
1360 4087 1457 4149 tempus

320 4193 372 4231 om.
394 4174 450 4243 GP,
468 4179 563 4245 tempu
580 4173 620 4228 Β1
681 4177 777 4243 coepta
795 4173 815 4226 f.
834 4175 910 4226 serta
930 4172 981 4226 ΟΡ
1020 4172 1055 4225 20
1074 4173 1139 4241 qua]
1160 4172 1224 4241 quia
1246 4172 1321 4226 CPL
1358 4172 1389 4223 21
1407 4172 1456 4220 tra-

322 4265 362 4318 dit
383 4264 431 4319 OP
512 4266 546 4318 23
565 4281 661 4317 eume
733 4263 767 4317 25
787 4261 902 4315 sedehat
920 4262 1109 4329 Drmelbrceht,
1130 4261 1222 4314 sedere
1236 4262 1273 4328 B,
1292 4260 1361 4315 sedit
1381 4252 1456 4312 GPV.

320 4353 429 4407 sederat
446 4360 504 4418 cet,
523 4354 582 4409 edd.
657 4355 691 4407 26
711 4354 782 4407 inter
800 4368 851 4407 om.
870 4351 928 4406 RD
1000 4351 1128 4404 armori
1150 4350 1211 4405 0¹1>
1286 4351 1324 4403 ibi
1343 4343 1457 4403 111111)

320 4444 498 4513 praestruerit
520 4443 589 4508 (ΒΡ,
607 4445 774 4513 perstrueret
792 4439 918 4495 HAE¹L
935 4457 953 4510 p
