3184 5234
287 507 328 561 de
353 524 451 561 cons.
476 508 819 577 euangelistar'urn
842 509 889 563 lib.
908 509 959 563 III.
978 527 1036 580 cap.
1055 510 1162 565 XXIIII
1221 516 1284 579 357

141 706 178 766 et
207 704 330 767 tribus
359 703 546 768 noctibus:
580 707 792 787 conputantur
824 704 932 769 autem
965 708 1118 787 tempora,
1152 707 1221 771 sius
1251 726 1287 771 ex

140 830 203 892 quo
226 809 358 874 tradidit
381 809 539 892 spiritum,
564 809 633 873 siue
657 828 692 873 en
717 828 778 892 quo
799 810 945 894 sepultus
964 814 1024 889 est,
1048 815 1158 876 etsn'on
1177 831 1285 877 occur-

139 919 181 981 rit
205 917 244 980 ad
265 916 434 997 liquidum,
459 916 520 980 nisi
543 916 685 981 madlum
709 916 804 993 diem,
832 917 893 982 hoc
917 920 967 981 est
989 918 1157 982 sabbatum
1179 921 1286 983 totum

139 1024 222 1087 diem
253 1024 456 1105 accipiamus,
479 1022 513 1086 id
532 1025 582 1087 θεὴ
600 1040 674 1087 cum
698 1042 757 1089 sua
779 1027 881 1101 nocte,
904 1024 978 1087 illos
1002 1027 1110 1089 eutem
1131 1025 1189 1107 qui
1212 1044 1285 1088 eum

105 1130 170 1193 cin
203 1129 306 1194 medio
339 1131 524 1211 posuerunt,
555 1129 590 1193 id
622 1136 673 1193 θεὴ
703 1148 894 1211 parasceuen
923 1133 955 1193 et
981 1132 1117 1211 primam
1149 1130 1284 1209 sabbati,

137 1255 232 1319 quem
257 1236 341 1300 diem
366 1235 560 1299 dominicum
584 1234 732 1313 dicimus,
761 1239 890 1319 aparte
918 1239 1022 1300 totum
1049 1238 1284 1321 intellegamus.

136 1342 214 1424 quid
237 1342 320 1406 enim
342 1342 443 1419 iuuat,
469 1341 554 1423 quod
577 1342 705 1424 quidam
729 1342 779 1405 his
804 1342 961 1425 angustiis
986 1343 1117 1408 coartati
1137 1346 1169 1407 θὴ
1184 1344 1285 1408 istum

132 1449 306 1513 locutIonis
329 1448 471 1525 modurn,
500 1448 533 1511 ld
556 1450 606 1512 est
629 1468 646 1511 a
669 1452 759 1530 parte
782 1452 898 1526 totum,
927 1449 958 1512 in
984 1450 1165 1514 sanctarum
1188 1450 1309 1531 scrip-.

132 1561 276 1619 curarum
305 1554 465 1619 soluendis
494 1554 735 1636 quaestionibus
764 1555 939 1638 plurimum
967 1556 1073 1620 ualere
1105 1555 1284 1620 nescientes

89 1664 259 1726 10noctem
282 1661 455 1725 uoluerunt
482 1660 684 1725 adnumerare
700 1663 777 1725 'tres
796 1661 878 1724 ‘illas
907 1662 1000 1725 horas
1025 1680 1043 1725 a
1067 1664 1154 1726 sexta
1182 1680 1285 1743 usque

131 1787 258 1845 nonam,
286 1767 402 1849 quibus
428 1769 476 1831 sol
501 1766 690 1831 obscuratus
720 1772 779 1843 θεὴ,
809 1772 841 1832 θὴ
864 1768 948 1831 diem
977 1772 1042 1833 tres
1071 1768 1163 1832 horas
1193 1768 1283 1840 alias,

130 1875 249 1956 quibus
276 1874 392 1938 iterum
420 1874 512 1937 terris
546 1876 596 1937 est
627 1872 782 1951 redditus,
815 1874 848 1936 id
876 1876 927 1938 est
954 1893 971 1937 a
998 1893 1079 1939 nona
1110 1893 1214 1957 usque
1246 1875 1285 1938 ad

130 1982 200 2045 eius
235 1983 403 2044 occasum?
441 1979 589 2060 sequitur
620 1980 702 2043 enim
736 1998 796 2044 nox
822 1980 924 2044 futuri
953 1980 1087 2056 sabbati,
1122 2000 1185 2061 qua
1212 2000 1284 2045 cum

129 2106 190 2151 suo
220 2086 270 2151 dic
301 2089 473 2169 conputata
498 2090 589 2150 erunt
610 2086 675 2150 iam
699 2085 778 2151 duae
803 2089 912 2151 noctes
937 2090 970 2149 θὴ
993 2086 1055 2151 duo
1080 2088 1162 2163 dies3
1190 2106 1291 2170 porro-

87 2212 109 2250 n
127 2196 239 2258 autem
270 2198 345 2274 post
377 2193 547 2257 sabbatum
580 2192 724 2273 sequitur
755 2211 815 2257 nox
847 2194 967 2275 primae
1001 2193 1136 2271 sabbati,
1170 2194 1203 2257 id
1236 2197 1286 2257 θεὴ

132 2300 361 2363 inlucescentis
390 2300 452 2363 diei
481 2299 641 2379 dominici,
674 2299 705 2362 in
735 2318 798 2380 qua
823 2303 900 2363 tunc
929 2299 1074 2364 dominus
1101 2301 1283 2372 resurrexil;

133 2409 228 2469 erunt
251 2424 325 2489 ergo
350 2406 430 2469 duae
452 2409 565 2470 noctes
586 2410 617 2469 θὴ
641 2405 703 2469 duo
728 2405 794 2470 dies
820 2409 852 2469 θὴ
881 2424 944 2469 una
971 2426 1040 2481 nox,
1069 2406 1194 2470 etiamsi
1216 2409 1286 2469 tota

132 2516 247 2593 posset
268 2510 421 2595 intellegi,
445 2530 502 2575 nec
526 2512 777 2587 ostenderemus,
797 2511 883 2592 quod
905 2511 987 2575 illud
1010 2512 1189 2575 diluculum
1210 2530 1284 2593 pars

133 2618 204 2681 eius
230 2621 366 2681 extrema
390 2618 446 2692 sit3
476 2620 667 2699 quapropter
689 2636 747 2681 nec
777 2616 993 2681 adnumeratis
1020 2615 1086 2681 illis
1111 2616 1284 2695 eucharis,

89 2745 113 2782 2⁰
133 2743 270 2805 quarum
293 2723 397 2788 tribus
422 2724 471 2787 sol
490 2723 734 2789 contenebratus
752 2727 802 2787 est
822 2727 854 2787 et
871 2723 974 2787 tubus
994 2724 1102 2801 eluxit,
1127 2723 1286 2787 constabit

131 2831 214 2893 ratic
248 2830 345 2893 trium
379 2829 501 2893 dierum
529 2833 561 2895 et
592 2830 690 2893 trium
723 2830 876 2893 noctium.
909 2831 1010 2893 restat
1041 2848 1127 2912 ergo,
1161 2834 1198 2892 ut
1229 2829 1285 2894 illo

132 2937 362 3017 scripturarum
390 2936 601 3000 usitatissimo
629 2935 778 3019 loquendi
807 2936 912 3013 modo,
941 2954 1003 3017 quo
1027 2955 1045 2999 a
1068 2939 1156 3018 parte
1179 2939 1284 3001 totum

129 3042 341 3127 intellegitur,
374 3043 574 3108 inueniamus
608 3046 781 3107 extremum
814 3043 897 3107 diem
926 3046 1053 3125 tempus
1085 3062 1283 3125 parasceues,

132 3168 196 3232 quo
225 3149 393 3214 crucifixus
422 3153 454 3213 θὴ
482 3149 627 3231 sepultus
657 3151 707 3213 est
734 3149 892 3224 dominus,
925 3152 958 3214 θὴ
986 3168 1021 3213 en
1048 3150 1120 3231 ipsa
1147 3152 1285 3213 extreme

88 3279 112 3317 θῇ
130 3260 221 3338 parte
251 3258 356 3319 totum
384 3255 468 3319 dlem
497 3275 570 3319 cum
599 3274 656 3321 sua
684 3258 788 3333 nocte,
822 3255 876 3336 qui
902 3255 966 3320 iam
994 3260 1141 3337 peractus
1169 3256 1283 3335 fuerat,

131 3362 338 3443 accipiamus,
367 3362 508 3425 medium
535 3381 622 3440 uere,
651 3362 685 3425 id
708 3366 757 3426 est
786 3361 910 3426 sabbati
939 3362 1033 3433 diem,
1058 3381 1118 3426 non
1143 3381 1161 3424 a
1182 3366 1282 3443 parte,

168 3609 181 3661 1
200 3610 390 3675 computentur
407 3607 495 3659 rael
525 3608 557 3659 '2
573 3607 717 3659 occurrerit
730 3604 757 3658 B
793 3620 795 3625 ·
812 3608 828 3660 3
843 3606 905 3675 nisi]
926 3606 991 3659 cdd.
1012 3606 1046 3659 ad
1060 3604 1168 3660 A²E²L
1183 3608 1281 3676 quel,

130 3696 198 3750 add.
218 3695 340 3763 utE²r
413 3698 456 3748 θεὴ
473 3711 523 3749 cm.
543 3696 591 3763 B¹‚
611 3698 654 3749 θεὴ
672 3699 704 3748 ut
721 3692 775 3749 Ac
792 3697 854 3765 yet
943 3696 1051 3764 lenm]
1073 3680 1119 3748 eos
1137 3693 1244 3747 A1E¹n
1264 3712 1283 3748 c

129 3782 500 3854 6aperteB¹Ollciciafral
538 3783 641 3837 liuhad
651 3784 706 3838 BR
744 3782 1115 3854 8scripturarumem.B¹B¹
1153 3784 1187 3837 10
1197 3800 1282 3851 usqne

127 3874 168 3927 Β1
190 3872 272 3928 OPV
287 3872 405 3940 Fenc-
424 3872 488 3925 odd.
508 3871 542 3925 ad
561 3878 617 3934 eet,
636 3872 697 3925 edd.
737 3874 770 3925 14
789 3872 1007 3942 conputaherunt
1020 3872 1075 3925 iam
1089 3874 1117 3925 B
1156 3873 1189 3925 15
1202 3873 1283 3942 primi

128 3963 191 4019 cdd.
207 3967 320 4030 praeter
337 3978 387 4013 roc
478 3961 510 4013 16
531 3960 680 4017 dominicae
699 3980 717 4030 χ
735 3962 822 4015 recl
894 3962 1010 4014 surrexit
1030 3960 1064 4013 0²
1155 3961 1187 4015 17
1208 3964 1281 4030 ergo]

128 4052 242 4119 enimc
315 4048 384 4103 duae
404 4049 462 4103 dies
480 4049 514 4103 N
566 4049 599 4103 18
618 4050 706 4119 possit
724 4048 764 4103 E¹
780 4068 799 4119 9
869 4052 930 4120 nec]
949 4050 1014 4103 add.
1034 4051 1073 4104 sic
1096 4050 1122 4103 V
1192 4053 1281 4122 osten-

128 4139 250 4193 derimus
277 4139 344 4206 0¹1³,
368 4139 589 4195 contenderemus
613 4142 679 4205 (oni.
702 4140 745 4207 H)
768 4139 919 4209 HAELT
1027 4139 1097 4193 illud
1121 4139 1281 4208 diluculum]

127 4230 209 4283 illum
228 4228 267 4281 B¹
323 4228 357 4281 20
376 4229 607 4298 obtenebratusq
660 4230 695 4283 23
715 4230 874 4300 extremum]
896 4229 1011 4297 primum
1029 4229 1067 4298 χψ
1140 4228 1212 4282 diem
1230 4245 1282 4282 orn.

127 4334 149 4379 r,
171 4317 228 4370 diei
247 4316 320 4386 Εἳγ
392 4318 553 4386 parascebcs
572 4317 599 4370 B
654 4318 689 4371 24
709 4318 860 4386 crucifixus]
882 4317 947 4373 cdd.
968 4321 1011 4371 est
1028 4317 1114 4371 ΗΑΒ
1169 4319 1203 4373 25
1223 4318 1281 4387 qui]

129 4407 196 4476 quia
213 4407 241 4460 B
314 4423 365 4476 que
383 4407 437 4460 iam
457 4411 566 4475 peracta
585 4424 599 4459 r
667 4434 668 4437 ¹
