3184 5234
579 497 581 503 Ι
623 424 842 490 Praefatio.
1247 427 1305 491 XV

156 623 298 686 mutatae
323 637 393 685 esse
420 620 582 697 uidentur,
611 623 649 684 ut
677 637 731 684 sex
758 619 836 684 folia
858 619 999 702 putanda
1030 619 1097 684 sint
1127 639 1190 685 non
1217 624 1303 685 recto

157 727 264 792 ordine
298 746 332 792 se
365 726 535 809 excepisse.
569 745 641 791 nam
673 725 729 790 illo
762 725 833 790 loco
866 725 1014 790 codicum
1047 726 1098 792 ΟΡ
1136 726 1233 792 uerba
1259 727 1306 791 ita

157 838 347 917 sequuntur:
380 853 402 896 a
434 833 509 908 303,
545 835 585 896 12
617 837 739 896 narrat.
771 852 810 895 ac
839 834 978 912 primm
1010 867 1054 878 —
1086 834 1163 909 305,
1198 835 1236 897 11
1270 837 1306 895 ut

156 944 278 1017 animm
300 941 318 1004 0
342 941 418 1016 307,
444 942 460 1003 1
488 939 571 1020 quod
592 959 663 1022 erpo
685 975 729 986 -
754 940 830 1010 310,
858 939 898 1002 18
922 939 1122 1016 iudaeorum·
1144 959 1160 1002 c
1184 942 1259 1017 300,
1283 942 1303 1003 4

155 1047 260 1111 dicens
282 1085 325 1092 —
345 1047 420 1123 303,
448 1049 488 1110 12
511 1047 558 1109 c'tu
576 1045 738 1128 mattham
758 1043 779 1107 d
798 1045 873 1122 305,
901 1047 939 1108 11
958 1044 1087 1108 matthei
1108 1045 1305 1128 euangelium

155 1153 377 1218 cormertbento's
409 1187 452 1198 -
485 1153 560 1231 307,
595 1153 610 1213 1
647 1151 823 1230 loqueretur
855 1150 951 1233 (quod
982 1153 1066 1233 erpo)
1098 1152 1303 1216 commutatis

155 1262 304 1342 quattuor
334 1257 478 1341 partibus
511 1275 567 1338 pro
596 1277 612 1320 c
639 1277 660 1319 a
688 1256 709 1320 d
736 1257 764 1335 0,
793 1277 927 1340 quarum
954 1277 971 1321 c
998 1261 1030 1322 et
1056 1257 1074 1321 0
1102 1257 1184 1322 binis
1216 1257 1302 1322 foliis

155 1365 407 1441 continebantur,
435 1384 456 1426 a
484 1367 517 1430 et
548 1363 570 1427 d
602 1363 748 1449 singulis,
781 1368 819 1430 ut
849 1365 928 1430 haec
960 1364 1037 1429 folia
1068 1363 1114 1428 sio
1147 1365 1304 1430 collocata

155 1476 274 1536 essent:
299 1491 321 1534 u
343 1470 457 1536 folium
482 1471 502 1536 3
525 1469 679 1536 linearum
703 1472 756 1546 46,
782 1471 800 1535 0
822 1470 899 1535 tolia
922 1473 942 1534 5
967 1473 1000 1534 00
1026 1470 1047 1534 6
1069 1470 1223 1535 linearum
1248 1472 1301 1546 02,
1396 1480 1398 1483 ’

155 1577 270 1643 ciolia
295 1579 312 1640 1
339 1580 371 1642 00
389 1579 409 1640 2
428 1576 483 1640 lin.
508 1579 561 1653 92,
587 1576 608 1640 d
631 1577 858 1642 folium41in.
881 1577 935 1653 46,
960 1581 993 1640 et
1015 1576 1160 1661 singulae
1183 1575 1302 1640 codicis

153 1684 293 1767 parentis
317 1684 450 1767 paginae
473 1683 593 1749 nicenis
617 1684 715 1748 tarnis
738 1684 832 1749 lineis
856 1684 993 1765 scriptae
1016 1686 1132 1750 essent.

199 1790 349 1857 Codicem
372 1790 421 1855 bis
446 1789 637 1873 comparaui.

199 1896 325 1962 Saeculi
348 1896 438 1962 noni
461 1897 587 1962 codices
606 1915 659 1961 sex
679 1896 819 1960 adhibui.
844 1915 978 1978 quorum
996 1895 1118 1976 primus
1137 1900 1187 1960 est
1205 1894 1301 1960 codex

152 2003 363 2069 bibliothecae
383 2004 565 2068 monasterii
590 2001 621 2068 S.
646 2003 758 2068 Petri
782 2002 1118 2087 Salisburgensis
1142 2021 1161 2066 a
1183 2003 1228 2067 IX
1249 2000 1348 2080 13,P

151 2110 421 2174 membranaceus.
436 2110 520 2193 long.
535 2110 642 2188 0205,
662 2110 715 2176 lat.
734 2111 808 2174 010
827 2129 868 2172 m.
887 2109 965 2173 tolia
984 2110 1047 2172 137
1067 2106 1215 2193 (paginas
1235 2109 1300 2172 273

152 2218 286 2300 scriptas
307 2221 338 2282 et
356 2235 451 2282 unam
471 2215 618 2301 uacuam)
634 2216 868 2300 complectitur.
890 2213 1148 2297 quaternionibus
1163 2219 1300 2297 septem-

152 2323 254 2405 decim
278 2323 401 2396 numeri
423 2321 456 2386 in
479 2321 594 2386 ultima
616 2341 741 2404 quaque
763 2321 880 2406 pagina
903 2320 1076 2402 subscripti
1099 2323 1184 2385 sunt.
1207 2320 1299 2384 iasci-

151 2430 244 2494 oulus
270 2429 349 2494 XllI
371 2447 487 2494 nonem
511 2429 589 2494 folia
613 2429 753 2494 continet
780 2428 866 2512 (pag.
896 2427 1096 2512 193-210),
1124 2427 1205 2492 liber
1227 2428 1298 2492 nit'-

150 2535 281 2602 dissime
304 2539 449 2601 exaratus
473 2540 523 2602 est
541 2537 688 2602 uersibus
707 2536 837 2601 tricenis
856 2535 939 2600 binis
957 2535 989 2598 in
1010 2534 1146 2619 singulis
1165 2533 1298 2618 paginis.

149 2641 180 2706 in
205 2642 351 2728 catalogo
375 2642 558 2707 monasterii
582 2641 622 2706 ad
639 2641 670 2708 S.
693 2643 826 2707 Petrum
844 2641 1023 2725 salisburgi
1047 2659 1129 2706 saec.
1146 2641 1208 2705 xil
1227 2659 1298 2705 con-

150 2748 233 2812 fecto
258 2747 309 2812 hio
334 2747 431 2813 codex
455 2747 514 2814 sub
539 2769 569 2812 n.
598 2750 638 2813 81
669 2749 730 2812 hoo
757 2748 851 2812 modo
880 2751 1161 2812 commemoratur:
1188 2746 1298 2829 Aepu-

148 2853 251 2917 sh‘rcus
281 2852 318 2916 de
342 2854 509 2918 concordia
530 2853 616 2917 IIII
636 2853 900 2936 encopolisturum
927 2854 1068 2930 (Becker,
1098 2852 1242 2937 (latalogi
1266 2873 1297 2936 p.

148 2960 238 3045 234).
273 2959 456 3025 emendauit
487 2979 600 3026 manus
632 2961 743 3042 prima,
776 2964 938 3042 praeterea
970 2959 1051 3024 duae
1086 2977 1199 3024 manus
1232 2979 1297 3025 cor-

147 3069 306 3145 rexerunt,
331 3084 465 3148 quarum
497 3066 582 3148 prior
614 3066 749 3132 omissas
782 3067 907 3131 litteras
935 3069 969 3130 et
996 3065 1137 3149 syllabae
1164 3066 1296 3142 addidit,

148 3173 247 3237 altera
268 3172 300 3236 in
325 3171 444 3237 codicis
471 3191 542 3256 pag.
568 3174 653 3237 1-6
677 3175 790 3255 (usque
820 3172 1044 3236 dubitauerunt
1071 3174 1102 3249 9,
1133 3173 1188 3255 19)
1217 3175 1248 3236 00
1277 3176 1297 3237 9

148 3281 330 3362 (potuerunt
355 3281 407 3358 13,
434 3282 475 3344 14
499 3317 542 3327 -
559 3280 733 3360 praepollet
762 3282 814 3356 14,
843 3281 877 3365 8)
903 3284 934 3345 et
960 3282 998 3344 17
1024 3279 1215 3363 (hebreorum
1243 3282 1295 3354 24,

149 3390 190 3452 10
214 3425 258 3435 -
281 3386 395 3450 colitur
418 3389 471 3465 25,
498 3387 553 3473 12)
578 3387 671 3472 signa
689 3387 906 3470 distinguendi
924 3387 1125 3469 interposuit.
1143 3387 1195 3450 hic
1218 3387 1298 3451 liber

147 3514 220 3560 oum
244 3493 354 3559 codice
378 3493 560 3559 Corbeiensi
583 3498 649 3558 tam
673 3497 740 3560 arto
764 3493 962 3580 cognationis
986 3493 1114 3560 uinculo
1137 3494 1295 3571 cohaeret,

148 3603 183 3666 ut
205 3601 245 3665 ad
274 3599 409 3665 eundem
438 3599 580 3665 codicem
609 3603 772 3684 parentem
800 3600 902 3666 redire
929 3600 1087 3675 uideatur,
1115 3619 1218 3681 aquo
1242 3600 1296 3664 ille

146 3706 297 3772 manauit.
323 3704 463 3772 codicem
487 3707 519 3780 in
546 3706 738 3771 monasterio
764 3704 796 3772 S.
820 3705 909 3770 Petri
936 3704 1113 3770 examinaui
1143 3708 1295 3788 gratoque

147 3812 251 3877 animo
282 3811 450 3877 deuinctus
481 3831 553 3877 sum
576 3811 761 3877 Willihaldo
784 3812 961 3876 Hanthaler
986 3830 1068 3874 nuno
1092 3809 1210 3887 abbati,
1239 3811 1295 3892 qui

147 3917 252 3993 etiam,
286 3937 359 3983 cum
392 3921 504 4000 postea
536 3919 574 3983 de
609 3918 745 3982 lectione
783 3917 919 4000 quadam
956 3916 1145 3992 dubitarem,
1177 3917 1294 3980 librum

146 4025 292 4108 inspexit.

189 4131 310 4196 Eodem
339 4133 465 4196 saeculo
500 4132 638 4214 scriptus
672 4134 721 4196 est
748 4131 846 4196 codex
868 4130 1042 4196 Vaticanus
1075 4130 1293 4194 Palatinus

149 4234 1342 4318 195‚olimmonasteriiS.NazariiLaureshamiensisthorsoh),H

145 4347 255 4426 postea
291 4341 505 4409 bibliothecae
538 4345 699 4409 Palatinae
730 4343 1023 4426 Heidelbergensis,
1058 4345 1128 4406 turn
1160 4343 1293 4407 Romam
