3184 5234
244 509 286 562 de
315 522 508 561 consensu
537 506 882 575 euangelistarum
904 504 952 559 lib.
971 506 1007 559 Il.
1028 522 1085 576 cap.
1105 505 1157 559 XII
1212 510 1274 572 129

125 704 312 769 auctoritate
335 702 404 786 regi
427 702 631 779 debebamus,
651 721 689 765 ne
712 706 897 784 putaremus
918 722 988 767 esse
1007 702 1181 781 mendacia,
1201 722 1274 767 cum
1317 690 1320 699 ’

125 812 169 875 616
188 812 272 875 inter
291 829 324 875 se
343 809 459 873 uariari
477 808 657 889 aliquorum
675 810 869 873 narrationes
888 808 1114 885 inueniremus,
1135 812 1171 873 ut
1192 810 1276 873 inter

125 916 341 1000 euangelistae
371 916 511 981 uariatao
539 918 624 993 sunt,
658 916 755 979 simul
783 915 889 993 etiam,
919 915 1004 998 quod
1032 915 1071 979 ad
1099 916 1274 980 doctrinam

123 1024 250 1089 fidelem
283 1023 418 1087 maxime
450 1022 597 1106 pertinet,
623 1022 884 1105 intellegeremus
917 1042 977 1088 nou
1011 1026 1076 1087 tarn
1105 1024 1273 1088 uerborum

95 1142 219 1213 ⁶quam
246 1149 353 1194 rerum
381 1129 591 1212 quaerendam
624 1128 676 1193 uel
708 1129 959 1211 amplectendam
992 1148 1062 1194 esse
1095 1131 1273 1208 ueritatem,

124 1237 248 1319 quando
282 1256 336 1302 eos
369 1237 424 1319 qui
455 1256 517 1299 non
550 1235 660 1300 eadem
694 1234 855 1300 locutione
892 1238 1034 1315 utuntur,
1069 1254 1140 1301 eum
1177 1238 1273 1302 rebus

123 1344 353 1426 sententiisque
386 1362 448 1409 non
480 1343 670 1424 discrepant,
701 1342 734 1405 in
772 1342 881 1407 eadem
917 1343 1053 1407 ueritate
1091 1344 1273 1409 constitisse

124 1452 347 1533 adprobamus.

167 1558 253 1638 Quid
286 1577 360 1643 ergo
391 1557 424 1621 iu
457 1557 507 1621 his
542 1576 623 1639 quae
659 1555 698 1620 de
734 1555 966 1621 narrationibus
1004 1558 1274 1641 euangelistarum
1297 1552 1338 1616 29

84 1677 107 1716 ¹⁰
124 1667 249 1729 conlata
266 1664 416 1748 proposui
436 1665 612 1745 putandum
633 1668 682 1729 est
701 1682 771 1729 esse
789 1664 1003 1728 contrarium?
1028 1684 1065 1728 an
1087 1664 1171 1745 quod
1190 1665 1272 1729 alius

123 1772 201 1835 dixit
225 1772 344 1836 cuius
364 1790 439 1835 non
458 1789 544 1835 sum
564 1771 712 1854 diguus
732 1770 1005 1834 calciamenta
1023 1773 1197 1853 portare,
1219 1772 1272 1835 alii

124 1898 197 1944 uero
223 1878 442 1961 corrigiam
468 1877 732 1941 calciamenti
755 1876 942 1941 soluere?
965 1896 1026 1943 non
1058 1879 1140 1942 enim
1164 1879 1271 1943 uerbis

122 1990 177 2049 aut
200 1986 372 2050 uerborum
396 1985 504 2049 ordine
527 1988 583 2050 aut
611 1985 717 2067 aliquo
746 2004 860 2069 genere
890 1984 1071 2062 locutionis,
1097 1986 1271 2050 sedetiam

120 2111 152 2156 re
174 2092 248 2175 ipsa
269 2092 399 2156 uidetur
420 2091 508 2157 aliud
527 2110 597 2156 esse
617 2092 824 2156 calciamenta
842 2094 976 2173 portare,
997 2091 1084 2156 aliud
1103 2091 1269 2176 corrigiam

80 2211 103 2251 1⁵
121 2198 323 2262 calciamenti
346 2200 481 2263 soluere.
508 2199 622 2263 merito
647 2217 721 2282 ergo
747 2198 855 2280 quaeri
877 2201 994 2279 potest,
1019 2198 1095 2281 quid
1117 2198 1271 2263 Iohannes

120 2304 235 2368 duerit
261 2324 323 2369 uon
352 2323 386 2369 se
419 2305 549 2389 dignum
583 2322 665 2384 esse,
696 2308 805 2370 utrum
838 2305 1045 2369 calciamenta
1076 2308 1200 2389 portare
1234 2324 1272 2368 an

121 2412 291 2495 corrigiam
318 2412 520 2476 calciamenti
547 2412 681 2477 soluere.
711 2412 739 2476 si
767 2412 849 2475 euim
878 2410 1013 2475 alterum
1041 2412 1154 2475 horum
1182 2411 1270 2488 dixit,

118 2518 174 2582 1116
197 2537 312 2581 uerum
335 2517 462 2582 uidetur
485 2538 627 2583 narrasse
652 2519 706 2601 qui
729 2519 789 2582 hoc
812 2518 920 2601 potuit
937 2537 1060 2582 narrare
1080 2517 1164 2600 quod
1183 2518 1271 2595 dixit,

120 2626 174 2706 qui
200 2627 309 2689 autem
334 2624 430 2699 aliud,
451 2624 512 2690 etsi
534 2643 596 2689 non
616 2628 666 2689 est
682 2626 849 2701 mentitus,
869 2628 953 2688 certe
972 2624 1025 2687 uel
1045 2624 1164 2689 oblitus
1184 2624 1270 2688 aliud

77 2744 101 2782 ²⁰
118 2750 176 2813 pro
201 2730 264 2795 alio
289 2731 406 2795 dixisse
429 2731 605 2814 putabitur.
630 2750 755 2796 omnem
778 2733 885 2795 autem
908 2731 1082 2795 falsitatem
1101 2732 1212 2795 abesse
1232 2731 1271 2795 ab

120 2838 330 2921 euangelistis
354 2837 454 2914 decet,
478 2858 539 2904 non
563 2838 667 2903 solum
694 2857 762 2902 eam
792 2856 872 2920 quae
901 2837 1081 2904 mentiendo
1104 2836 1269 2920 promitur,

118 2945 177 3008 sed
202 2945 299 3008 etiam
324 2962 393 3007 eam
417 2963 498 3025 quae
522 2945 748 3009 obliuiscendo.
776 2944 885 3026 itaque
914 2944 942 3009 si
970 2944 1008 3008 ad
1036 2964 1103 3009 rem
1134 2944 1272 3027 pertinet

117 3050 242 3133 aliquid
261 3050 350 3114 aliud
367 3049 553 3134 intellegere
572 3070 607 3115 ex
627 3071 663 3115 eo
683 3051 768 3132 quod
787 3051 906 3115 dictum
927 3056 975 3115 est
1000 3050 1271 3115 calciamenta

117 3160 286 3240 portare
311 3160 343 3220 et
366 3156 486 3238 aliquid
511 3156 596 3220 aliud
621 3176 711 3221 exeo
732 3157 816 3239 quod
836 3157 957 3221 dictum
977 3163 1027 3221 est
1050 3156 1270 3240 corrigiam

134 3451 138 3458 ,
213 3400 244 3453 11
265 3398 363 3452 matth.
382 3400 408 3463 3,
428 3400 460 3455 11
518 3400 551 3453 12
571 3400 668 3453 *Maro
688 3400 760 3466 1,7;
782 3400 862 3455 *Luc
883 3402 909 3463 3,
929 3402 973 3464 16;
993 3400 1068 3454 *Ion
1089 3401 1112 3468 1,
1132 3400 1165 3453 21

154 3523 352 3577 lauetoritati
370 3522 397 3575 B
483 3522 571 3593 redigi
591 3524 632 3588 (di
650 3524 712 3591 del.)
731 3525 763 3578 Η
848 3524 995 3579 debeamus
1014 3526 1048 3579 el
1132 3523 1270 3577 mendatis

119 3611 177 3677 GP,
197 3610 404 3665 mendaciumn·
475 3614 547 3681 oum]
568 3613 624 3666 sir
687 3613 857 3668 3uarietate
875 3614 948 3684 ΒΡ
963 3612 1006 3666 N1
1069 3611 1269 3681 5amplectan·

116 3700 182 3753 dam
200 3699 275 3754 B¹r
337 3701 480 3755 eoadem
500 3706 581 3767 (erae
600 3703 629 3768 n)
650 3702 729 3756 OPF
789 3702 1012 3773 ‘ldiscrepentr
1084 3701 1228 3755 ueritatem
1243 3700 1271 3753 B

115 3788 164 3841 M1
240 3788 416 3842 constituisse
434 3788 514 3843 M¹r
579 3791 612 3844 10
632 3793 674 3843 661
692 3807 741 3844 om.
761 3790 847 3845 BRT
894 3808 975 3844 -esse
994 3789 1095 3845 om.V
1165 3806 1199 3843 an
1218 3805 1269 3843 om.

118 3876 210 3931 GPF¹
224 3894 272 3947 pp
344 3878 376 3930 ll
398 3878 466 3931 aliua
485 3878 516 3932 F
526 3895 549 3947 p
641 3878 673 3932 12
698 3880 868 3934 calciamenti
892 3896 943 3933 om.
957 3898 980 3948 p
1054 3880 1087 3933 14
1110 3878 1270 3947 uideaturp

116 3968 150 4021 15
172 3965 249 4036 quod
267 3967 294 4019 B
349 3967 382 4019 17
401 3966 501 4021 dixerit
514 3985 536 4037 p
567 3968 621 4022 -18
640 3967 750 4023 uidetur
768 3986 861 4023 uerum
884 3970 1050 4040 OPVFpp
1096 3970 1131 4023 20
1150 3967 1270 4023 falsitem

114 4053 155 4106 B1
232 4054 265 4107 ab
285 4072 337 4108 om.
362 4055 441 4108 VM
528 4057 560 4111 21
581 4057 725 4126 angelistis
743 4057 771 4110 B
851 4057 925 4112 dicet
943 4057 970 4110 B
988 4058 1016 4111 P
1032 4058 1098 4113 E¹L
1170 4074 1202 4111 ea
1223 4056 1272 4109 GP

112 4144 239 4211 AELp
345 4145 518 4223 promittitur
535 4146 582 4211 (itt
600 4162 670 4199 erue.
689 4146 726 4212 Ρ)
747 4146 803 4215 ΟΡ,
824 4146 985 4216 dicuuturp
1084 4148 1118 4199 22
1139 4164 1197 4199 eam
1216 4164 1267 4201 ona.

116 4230 271 4300 GPVFp‚
290 4248 323 4285 ea
343 4248 362 4284 a
400 4260 403 4263 ·
446 4232 644 4303 obliuiscendo]
665 4234 731 4288 add.
749 4238 876 4289 tacentur
889 4254 911 4305 p
1001 4235 1268 4290 2361666611-

114 4318 225 4373 dictum
244 4324 285 4373 eat
303 4337 355 4375 om.
375 4320 402 4373 L
491 4322 698 4378 2461011661
778 4324 853 4377 aliud
872 4324 1001 4380 661112
1084 4341 1114 4377 ex
1134 4323 1269 4393 eo-quid

114 4408 194 4461 aliud
212 4424 264 4465 om.
282 4410 311 4463 B
385 4408 458 4477 quod
477 4409 579 4464 dictum
598 4416 641 4466 eat
659 4428 709 4468 om.
728 4412 778 4476 N¹,
799 4412 872 4482 quod
891 4417 934 4467 est
951 4413 1041 4482 suppl.
1059 4429 1080 4466 s.
1102 4412 1118 4466 1.
1138 4412 1181 4465 N²

140 4534 264 4575 xxxxur
277 4535 341 4584 nug.
355 4534 414 4576 sect.
429 4537 465 4575 111
478 4547 532 4587 pm
545 4534 564 4579 l.
1217 4520 1233 4572 9
