3184 5234
313 492 355 554 64
487 490 516 542 S.
543 486 680 541 Aureli
707 486 926 556 Augustini
954 485 996 541 de
1025 500 1123 539 cous.
1152 500 1285 555 oneng.

447 683 502 747 Vl.
526 684 573 747 De
602 682 710 747 ordine
737 682 981 765 praedicationis
1010 682 1159 747 Iohannis
1192 682 1351 766 baptistae
1379 683 1457 746 iuter

525 809 635 854 omnes
659 791 820 872 quattuor.

432 897 502 962 VH.
526 896 574 961 De
599 896 723 961 duobus
746 896 936 963 Herodibus.

413 1005 500 1071 VIII.
525 1004 691 1084 Quomodo
709 1004 875 1070 Mattheus
899 1004 984 1069 dicat
1006 1004 1154 1070 timuisse
1178 1004 1293 1088 loseph
1316 1004 1361 1068 ira
1386 1023 1456 1067 cum

524 1112 644 1176 infante
668 1110 796 1177 Christo
824 1112 856 1175 in
883 1110 1085 1177 Hierusalem
1112 1114 1241 1195 propter
1267 1112 1456 1175 Archelaum
1486 1128 1496 1167 ⁵

525 1222 558 1283 et
574 1236 637 1283 non
651 1218 799 1283 timuisse
818 1218 863 1281 ire
881 1217 914 1281 in
935 1217 1121 1297 Galilaeam,
1142 1218 1197 1283 ubi
1216 1222 1283 1283 erat
1301 1218 1457 1283 tetrarcha

523 1325 666 1389 Herodes
689 1324 787 1389 frater
809 1325 888 1389 eius.

399 1431 501 1495 VIIII.
526 1428 692 1509 Quomodo
722 1431 808 1496 dicat
834 1431 1000 1497 Mattheus
1028 1431 1099 1496 ideo
1127 1431 1191 1497 isse
1222 1431 1254 1497 iu
1283 1430 1456 1497 Galilaeam

523 1538 640 1621 Ioseph
658 1556 731 1601 cum
750 1538 870 1601 infante
891 1536 1027 1619 Christo,
1048 1539 1123 1620 quia
1140 1539 1250 1603 timuit
1268 1538 1456 1603 Archelaum

523 1663 579 1725 pro
604 1663 663 1709 suo
686 1646 775 1728 patre
798 1648 983 1727 regnantem
1006 1644 1037 1709 iu
1062 1644 1275 1724 Hlarusalem,
1300 1663 1373 1709 oum
1396 1644 1496 1709 Itu-1⁰

524 1769 577 1814 cas
610 1749 695 1815 dicat
725 1750 796 1815 ideo
829 1750 894 1816 isse
925 1750 959 1813 in
993 1749 1178 1831 Galilaeam‚
1207 1750 1281 1835 quia
1312 1750 1358 1815 ibi
1391 1754 1457 1815 erat

523 1856 680 1921 Nazareth
703 1856 819 1923 ciuitas
843 1876 961 1922 eorum.

461 1962 500 2028 X.
526 1962 691 2043 Quomodo
724 1964 828 2028 Lucas
861 1964 952 2028 dicit:
989 1962 1104 2028 ibant
1140 1966 1330 2047 parentes
1368 1962 1455 2027 eius

523 2089 591 2152 per
624 2089 758 2135 omues
791 2089 914 2135 annos
947 2070 986 2135 iu
1018 2070 1280 2134 Hierusalem
1315 2069 1354 2134 in
1392 2069 1454 2133 dic

524 2176 716 2240 sollemni
744 2176 920 2258 paschae
950 2195 1023 2240 cum
1050 2174 1107 2241 illo
1135 2194 1245 2258 puero,
1270 2194 1343 2239 cum
1371 2174 1456 2239 ditat
1472 2188 1494 2228 1⁵

522 2281 686 2346 Mattheus
715 2281 801 2365 quod
828 2284 916 2346 metu
945 2280 1089 2345 Archelai
1119 2281 1284 2345 timuerint
1310 2280 1388 2347 illuc
1410 2280 1454 2345 ire

522 2390 561 2452 ab
585 2388 731 2473 Aegypto
755 2387 946 2453 redeuutes?

440 2494 496 2561 XI.
522 2492 688 2573 Quomodo
724 2493 887 2577 potuerint
918 2494 1074 2576 conpletis
1107 2493 1219 2557 diebus
1256 2493 1453 2580 purgationis
1568 2552 1569 2565 ,

521 2601 632 2665 matris
661 2600 789 2678 Christi,
819 2600 904 2665 sicut
930 2598 1032 2665 Lucas
1066 2600 1154 2678 dicit,
1183 2600 1349 2666 ascendere
1382 2620 1453 2665 oum

522 2708 578 2772 illo
601 2708 633 2772 in
656 2708 813 2789 templum
837 2706 875 2771 ad
898 2706 1078 2791 peragenda
1101 2706 1277 2787 sollemnia,
1297 2706 1326 2771 si
1345 2726 1453 2771 secun·
1470 2721 1495 2761 2⁰

523 2814 598 2878 dum
630 2814 812 2878 Mattheum
846 2814 910 2877 iam
943 2812 1062 2878 Herodi
1105 2832 1160 2894 per
1195 2832 1306 2898 magos
1342 2817 1452 2877 notum
1567 2852 1568 2886 r

523 2924 590 2985 erat
613 2941 685 2986 eum
709 2925 829 2997 natum,
854 2940 909 3003 pro
934 2939 1006 3002 quo,
1027 2937 1099 2983 cum
1119 2938 1191 2983 eum
1212 2923 1386 3002 quaereret,
1405 2921 1454 2984 tot

522 3026 641 3091 occidit
664 3027 811 3092 infantes.
1216 3096 1218 3101 ,

426 3130 497 3197 XII.
522 3133 569 3197 Dc
592 3134 699 3199 uerbis
722 3133 871 3199 Iohannis
896 3133 978 3199 inter
1001 3151 1111 3199 omnes
1136 3136 1296 3215 quattuor.

409 3238 497 3302 XIII.
521 3240 569 3303 De
591 3239 752 3323 baptizato
775 3241 858 3305 Iesu.

397 3497 430 3550 13
448 3497 513 3551 nuc.
533 3495 558 3565 a,
577 3499 611 3552 41

342 3673 534 3743 3herodibus]
560 3673 700 3728 ordinibus
722 3674 768 3743 Q·
834 3675 946 3729 Adicat
967 3676 1092 3731 matheus
1107 3693 1130 3745 p
1221 3675 1383 3748 eatuli-elau
1406 3677 1467 3731 ΟΡ,
1564 3688 1565 3732 3

306 3764 322 3816 6
341 3762 579 3831 galileamulieriut
597 3760 636 3815 Β1
654 3763 675 3829 (l
692 3764 743 3817 ult.
762 3763 795 3817 in
812 3762 830 3816 h
849 3768 914 3817 mut.
933 3761 983 3829 B²)
1074 3764 1232 3819 thetrarcha
1253 3764 1303 3819 ΟΡ
1369 3765 1384 3817 7
1404 3766 1453 3819 he·

305 3850 379 3904 rodis
401 3851 483 3917 OPF,
502 3867 553 3907 om.
572 3851 603 3903 H
621 3872 662 3922 χω
707 3852 739 3905 10
757 3856 863 3921 putrem
882 3852 909 3903 B
967 3856 1099 3921 regnante
1121 3851 1170 3905 GP
1211 3854 1242 3907 ll
1263 3853 1314 3923 ibi]
1333 3853 1390 3907 illic
1407 3870 1454 3911 ro

307 3941 340 3991 12
359 3943 469 3993 nazaret
486 3940 514 3993 B
556 3940 589 3992 13
609 3939 683 3994 dicat
701 3942 775 4011 χψρ
819 3941 852 3994 14
870 3941 898 3993 in
919 3940 962 3995 die
981 3941 1138 3995 sollemnem
1160 3942 1209 3996 GP
1251 3943 1284 3997 16
1302 3942 1455 3997 timuerunt

304 4027 359 4097 FQ
376 4029 437 4098 χψω
451 4045 482 4096 p,
501 4032 656 4083 metuerent
676 4028 755 4083 GPV
809 4030 840 4083 17
861 4029 894 4083 ab
914 4046 946 4082 ex
964 4030 1057 4099 egipto
1076 4029 1109 4082 H
1167 4032 1200 4084 19
1219 4031 1302 4087 marie
1321 4032 1415 4085 matris
1429 4050 1454 4101 p

304 4126 353 4186 xps
371 4117 407 4184 B,
426 4117 485 4171 eius
502 4117 549 4186 xpi
566 4117 601 4171 H
682 4117 718 4171 20
736 4116 875 4187 pergenda
894 4116 970 4173 ΕῙΡι
1056 4120 1090 4173 22
1110 4136 1169 4173 eum
1189 4135 1316 4188 quaerere
1334 4120 1370 4187 B,
1389 4123 1455 4185 (om.

306 4211 377 4271 eum)
402 4207 576 4276 quereretQ
683 4208 736 4276 tot]
761 4212 791 4260 et
813 4207 847 4259 H
939 4208 973 4260 23
997 4207 1084 4262 occidi
1106 4208 1137 4263 F
1218 4209 1252 4263 25
1277 4208 1356 4273 Quod
1378 4209 1456 4265 iesus
1562 4260 1563 4263 ,

305 4295 433 4349 ueniebat
451 4312 467 4349 a
486 4296 587 4365 galilea
605 4294 634 4349 in
653 4295 792 4351 iordanem
812 4296 846 4349 ad
864 4296 1009 4351 iohannem
1029 4299 1060 4351 ut
1077 4297 1262 4367 baptizaretur
1281 4296 1315 4351 ab
1335 4304 1375 4351 co.
1392 4314 1455 4368 cap.

304 4384 372 4438 XIII
389 4402 433 4437 ra
