3184 5234
277 512 342 581 310
468 562 472 566 .
631 506 1067 579 S.dureliAugustini
1148 574 1152 582 .

276 705 374 769 ritis.
395 702 461 767 ²⁵et
478 703 710 786 respondens
730 702 935 769 uniuersus
954 705 1119 785 populus
1139 703 1248 769 dixit:
1269 706 1423 789 sanguis

277 812 358 889 eius
384 831 496 895 super
518 830 584 876 nos
610 817 647 874 et
670 830 783 893 super
806 811 913 875 filios
936 814 1098 876 nostros.
1130 810 1249 875 2⁶tunc
1278 810 1425 877 dimisit

275 918 358 997 illis
382 918 593 997 Barabbam
617 918 743 982 Iesum
763 922 887 981 autem
912 917 1155 999 flagellatum
1180 918 1342 983 tradidit
1360 920 1423 998 eis,

275 1029 317 1088 ut
341 1023 644 1107 crucifigeretur.
665 1024 742 1087 haee
760 1023 902 1087 narrauit
920 1023 1083 1088 Mattheus
1101 1042 1158 1105 per
1175 1023 1317 1088 Pilatum
1336 1029 1426 1107 gesta

276 1131 314 1195 de
339 1131 475 1196 demine.
1452 1150 1463 1187 ⁵

209 1235 252 1301 33
320 1238 448 1303 Marcus
473 1255 597 1319 quoqne
620 1255 719 1320 paene
742 1236 844 1301 isdem
868 1237 974 1301 uerbis
994 1240 1027 1301 et
1044 1237 1139 1301 rebus
1159 1238 1306 1302 concinit.
1330 1238 1427 1302 uerba

274 1348 380 1408 autem
404 1343 511 1419 Pilati,
536 1343 651 1425 quibus
674 1343 838 1425 respondit
864 1344 982 1426 populo
1010 1344 1142 1426 petenti,
1170 1348 1207 1408 ut
1230 1345 1427 1409 sollemniter

274 1470 357 1514 unus
390 1450 516 1515 uinctus
550 1449 773 1529 dimitteretur,
806 1450 853 1513 ita
874 1450 984 1514 refert:
1022 1448 1186 1515 ⁹Pilatus
1220 1453 1345 1516 autem
1377 1471 1427 1515 re-

275 1555 429 1639 spondit
461 1556 515 1619 eie
549 1559 585 1619 et
618 1556 726 1620 dixit:
764 1555 888 1621 uultis
927 1556 1117 1641 dimittam
1153 1557 1262 1622 uobis
1298 1577 1425 1641 regem

274 1663 519 1729 ludaeorum?
542 1663 706 1727 Mattheus
735 1666 843 1729 antem
871 1664 917 1727 sie
947 1663 1005 1727 ait:
1040 1662 1309 1748 1⁷congregatis
1339 1683 1424 1747 ergo
1443 1680 1465 1720 ιο

274 1770 357 1833 illis
395 1770 491 1833 dixit
530 1770 696 1835 Pilatus:
744 1789 851 1851 quem
897 1770 1020 1834 uultis
1068 1770 1257 1835 dimittam
1303 1772 1424 1850 uobis,

273 1876 468 1941 Barabban
489 1896 530 1940 an
551 1876 686 1955 Iesum,
707 1876 769 1958 qui
794 1876 938 1957 dieitur
957 1875 1154 1941 Christus?
1173 1877 1262 1941 uulla
1281 1877 1424 1959 quaestio

275 1988 324 2046 est
348 1983 433 2065 qued
455 1986 540 2047 tacet
562 1983 650 2066 ipsos
678 1983 810 2065 petisse,
839 1986 876 2046 ut
899 1983 1016 2065 aliquis
1040 1984 1086 2047 eis
1115 1982 1340 2047 dimitteretur.
1369 1985 1425 2049 sed

274 2089 382 2169 quaeri
419 2092 537 2171 potest,
576 2109 655 2173 quae
693 2089 789 2153 uerba
824 2089 949 2153 Pilatus
988 2088 1110 2167 dixerit,
1148 2095 1255 2154 utrum
1293 2110 1375 2173 quae
1406 2110 1424 2155 a

273 2196 417 2260 Matthee
443 2214 480 2259 an
506 2215 584 2277 quae
604 2214 622 2259 a
640 2196 747 2260 Mareu
772 2196 959 2260 referuntur.
984 2196 1071 2260 aliud
1089 2196 1173 2260 enim
1191 2196 1320 2260 uidetur
1339 2216 1422 2261 esse:
1440 2214 1464 2256 n

275 2320 382 2383 quem
406 2302 529 2367 uultis
555 2302 744 2367 dimittam
768 2303 890 2380 uobis,
915 2302 1110 2367 Barabban
1135 2322 1177 2366 an
1201 2302 1336 2383 Iesum,
1359 2304 1422 2386 qui

274 2409 417 2474 dieitur
442 2408 642 2475 Christus?
666 2410 766 2473 aliud:
801 2409 923 2474 uultis
949 2408 1137 2473 dimittam
1161 2409 1272 2473 nobis
1297 2430 1421 2494 regem

272 2515 517 2581 Iudaeorum?
548 2515 603 2580 sed
632 2516 707 2597 quia
734 2516 872 2580 christos
899 2533 991 2599 reges
1020 2514 1176 2592 dicebant,
1205 2518 1237 2579 et
1265 2517 1321 2597 qui
1345 2516 1422 2580 dixit

271 2621 363 2685 illum
403 2641 440 2685 an
472 2622 575 2699 illum,
609 2623 812 2687 manifestum
846 2626 896 2688 est
923 2641 997 2686 eum
1030 2622 1203 2704 quaesisse
1224 2642 1274 2706 ¹an
1302 2623 1422 2687 uellent

272 2728 391 2793 dimitti
415 2728 476 2792 sibi
498 2748 603 2813 regem
629 2728 830 2806 Iudaeorum,
853 2729 887 2793 id
910 2731 960 2793 est
983 2727 1156 2805 Christum,
1184 2727 1266 2791 nihil
1288 2728 1460 2793 interestis

272 2834 456 2911 sententiae,
490 2835 574 2917 quod
606 2835 658 2899 hie
689 2836 791 2900 tacuit
818 2835 946 2899 Marcus
980 2835 1018 2899 de
1051 2834 1192 2898 Barabba
1223 2834 1283 2899 hoc
1316 2836 1418 2900 selum

270 2942 382 3006 uolens
407 2941 510 3006 dicere
534 2941 619 3023 quod
640 2942 679 3005 ad
698 2940 861 3005 dominnm
884 2941 1073 3025 pertinebat,
1098 2940 1221 3023 quando
1241 2940 1371 3023 quidem
1389 2942 1420 3007 in

272 3066 381 3111 eorum
409 3048 613 3129 responsione
642 3047 721 3113 satis
750 3048 878 3131 etipse
907 3047 1055 3126 ostendit,
1089 3066 1184 3129 quem
1212 3048 1272 3111 sibi
1302 3048 1421 3114 dimitti

361 3239 431 3294 del.
451 3239 533 3293 Mare.
554 3240 596 3304 15,
616 3240 704 3293 2-15
751 3238 967 3303 8Marc.15‚9
1016 3239 1049 3293 10
1068 3238 1168 3292 Matth.
1187 3239 1231 3306 27,
1251 3239 1283 3291 17
1333 3238 1419 3294 1801.

271 3344 352 3397 rupta
370 3344 396 3397 p.
418 3328 459 3393 19,
480 3328 514 3380 14

306 3434 432 3487 dautem
452 3450 503 3489 om.
522 3432 649 3487 Ham
721 3433 916 3503 flagellamtum
930 3434 958 3486 B
1007 3433 1167 3488 deaurabit
1184 3432 1221 3501 B,
1240 3432 1419 3487 enarranitR

271 3522 351 3591 tue]
373 3539 432 3576 euin
457 3523 488 3589 V,
509 3539 557 3575 ar
615 3520 803 3576 bhisdemR
824 3522 855 3592 Q,
876 3521 976 3575 eisdem
998 3520 1174 3592 012112229,
1193 3521 1331 3585 hisMa,
1350 3523 1416 3576 hiis·

271 3610 331 3664 dem
355 3613 424 3683 χψω,
448 3610 543 3664 iisdem
567 3627 615 3664 ra
630 3611 707 3664 eim
833 3612 848 3664 7
873 3610 952 3679 pilati
977 3611 1074 3679 quihus
1098 3628 1149 3664 om.
1173 3610 1223 3677 B¹,
1245 3628 1273 3679 p.
1298 3627 1368 3679 quae
1390 3610 1417 3665 R

269 3700 422 3769 petentium
445 3698 571 3752 HAE¹L
679 3699 763 3775 Sita
786 3715 878 3774 ouem
992 3701 1062 3753 aet
1084 3716 1135 3753 om.
1159 3699 1198 3751 B¹
1309 3700 1342 3753 10
1366 3700 1414 3766 ait]

269 3793 301 3843 nt
319 3787 358 3840 Β1
431 3789 506 3857 erge]
527 3791 654 3855 auternp
720 3787 750 3842 11
772 3787 875 3841 dirnitti
894 3788 922 3843 R
987 3789 1019 3841 12
1040 3805 1073 3842 an
1093 3804 1144 3842 om.
1163 3786 1204 3841 B¹
1260 3788 1293 3841 13
1313 3779 1416 3858 aliquid

272 3877 321 3931 GP
339 3875 405 3930 Am
478 3876 527 3944 eis]
548 3876 581 3928 de
601 3876 640 3929 eis
658 3874 698 3929 Β2
755 3877 787 3929 14
807 3875 875 3929 dixit
888 3895 910 3945 p
963 3878 996 3932 15
1015 3875 1167 3931 referantur
1183 3876 1233 3954 ΟΡ
1284 3878 1316 3930 16
1331 3876 1416 3931 uultis

269 3983 320 4021 ont.
339 3943 481 4019 HatElLt
538 3964 570 4018 18
590 3964 747 4041 iudaeorum
768 3965 860 4019 dicens
878 3969 1100 4035 petrus..(300‚
1124 3969 1152 4018 41
1174 3964 1230 4027 ΟΡ,
1249 3964 1298 4018 sed
1317 3966 1414 4034 qnia..

261 4058 289 4125 s.
308 4057 373 4122 186,
394 4054 412 4108 t.
431 4056 468 4106 18
488 4053 562 4121 up.
582 4056 652 4120 203,
672 4055 689 4107 l.
710 4057 745 4107 16
763 4054 791 4108 P
854 4071 932 4130 reges
952 4054 1068 4111 christus
1086 4053 1202 4107 HAEL
1265 4060 1293 4107 et
1312 4052 1416 4108 ona.B¹

269 4143 333 4215 qum
352 4143 379 4195 n
477 4141 608 4212 nirenta
681 4129 794 4197 laeum
813 4159 912 4210 aaa,
933 4143 1003 4196 enim
1021 4141 1116 4196 unm
1188 4142 1223 4195 20
1242 4126 1299 4196 anu
1315 4141 1416 4195 armatu

268 4232 348 4301 (dem.
371 4231 405 4297 Ο)
427 4229 476 4283 ΟΡ
494 4230 554 4284 edd.
628 4232 753 4300 nihilque
772 4248 816 4284 ra
869 4232 902 4285 21
923 4231 1021 4300 tacuit]
1042 4230 1199 4284 dictitacuit
1217 4230 1251 4291 L,
1272 4229 1416 4284 dictatanit

267 4318 337 4397 11¹8,
357 4318 496 4373 dictitanit
514 4318 624 4373 Haud
724 4319 757 4373 de
776 4319 915 4373 barabban
932 4303 1091 4381 '13²Has1,
1111 4318 1144 4374 de
1163 4318 1297 4372 barraban
1309 4318 1416 4385 ,ΕΜ

267 4409 302 4461 22
322 4408 472 4477 dominum]
492 4407 578 4461 iesum
598 4408 657 4465 edd.
672 4415 787 4486 praeter
805 4425 869 4478 amr
912 4411 947 4482 23
967 4409 1019 4462 sini
1037 4408 1077 4461 B¹
1176 4460 1186 4483 ἢ.
