3184 5234
305 485 371 548 402
658 479 684 533 S.
713 478 851 532 Aureli
879 477 1096 546 Augustini

305 680 467 758 tamquam
491 674 651 738 hereticus
674 673 865 755 inprobaret,
900 671 956 736 sed
980 671 1065 735 siout
1088 670 1191 733 solent
1212 669 1355 734 homines
1378 687 1447 732 non-

306 782 382 846 dum
415 782 530 846 audere
563 779 681 845 Christi
714 779 877 860 suscipere
910 779 1107 841 sacramenta
1139 781 1171 840 et
1198 778 1304 839 tamen
1332 775 1448 840 nomini

305 889 412 952 lauare
437 887 619 965 christiano,
649 887 754 950 itaut
778 884 977 950 Christianos
1006 883 1102 947 etiarn
1127 883 1305 965 suscipiant
1332 885 1365 945 et
1390 900 1448 946 non

306 995 346 1058 ob
371 993 457 1057 aliud
486 993 543 1067 eis,
571 993 633 1055 nisi
658 990 733 1075 quia
757 989 928 1056 Christiani
953 995 1037 1066 sunt,
1067 989 1291 1070 obsequantur,
1317 988 1355 1052 de
1379 1007 1449 1070 qua-

304 1101 391 1165 libus
415 1100 502 1180 dioit,
530 1099 614 1182 quod
638 1118 699 1162 non
723 1097 859 1181 perdunt
881 1097 1059 1161 mercedem
1084 1115 1183 1176 suam,
1206 1115 1267 1160 non
1291 1096 1367 1178 quia
1388 1096 1448 1158 iam
1476 1116 1487 1154 a

305 1206 368 1270 tuti
405 1206 507 1288 adque
544 1205 646 1269 securi
683 1203 745 1268 sibi
782 1203 899 1266 debent
933 1202 1036 1266 uideri
1069 1221 1105 1267 ar
1137 1203 1196 1267 hac
1227 1203 1449 1279 beniuolentia,

306 1331 401 1394 quam
430 1329 504 1396 arga
528 1309 723 1376 Christianos
747 1309 875 1387 habent,
904 1309 1030 1372 etiamsi
1059 1307 1177 1374 Christi
1204 1308 1364 1390 baptismo
1392 1328 1451 1372 non

306 1420 476 1483 abluantur
493 1435 551 1481 nec
570 1417 687 1480 unitati
705 1415 773 1480 eius
799 1416 1046 1496 incorporentur,
1072 1415 1128 1479 sed
1152 1415 1226 1496 quia
1247 1414 1293 1478 ita
1315 1416 1379 1477 iam
1403 1414 1450 1478 dai

305 1525 522 1589 misericordia
548 1525 772 1607 gubernantur,
801 1527 838 1586 ut
867 1521 966 1585 adea
991 1541 1117 1603 quoque
1141 1522 1327 1602 perueniant
1351 1521 1451 1603 adque

305 1632 351 1695 ita
365 1630 469 1695 securi
487 1629 526 1694 de
544 1630 604 1694 hoc
624 1629 750 1693 saeculo
771 1628 952 1692 abscedant.
973 1628 1028 1709 qui
1046 1628 1197 1709 prolecto,
1216 1631 1249 1691 et
1265 1627 1450 1710 priusquam
1467 1648 1488 1688 ro

308 1736 559 1803 Christianorum
582 1754 711 1799 numero
737 1735 905 1814 socientur,
933 1735 1077 1798 utiliores
1107 1738 1182 1798 sunt
1207 1754 1301 1816 quarn
1330 1734 1364 1798 hi
1389 1734 1450 1816 qui,

307 1864 380 1909 cum
406 1844 469 1907 iarn
494 1842 665 1908 Christiani
691 1841 890 1924 appellentur
918 1845 950 1905 et
965 1839 1154 1904 'christianis
1179 1841 1385 1906 sacramentis
1408 1841 1451 1904 in-

306 1952 378 2016 buti
405 1950 478 2026 sint,
506 1950 584 2013 talia
612 1948 756 2024 suadent,
786 1951 823 2012 ut
852 1948 967 2031 quibus
992 1967 1029 2013 ea
1051 1949 1265 2030 persuaserint
1289 1968 1400 2014 secum
1422 1949 1451 2012 iu

307 2059 465 2120 aeternam
497 2075 631 2138 poenam
661 2055 851 2138 pertrahant.
883 2074 962 2137 quos
995 2056 1209 2119 membrorum
1242 2055 1450 2137 corporalium

307 2164 433 2227 nomina
464 2166 627 2246 tamquam
659 2182 788 2226 manum
822 2162 874 2226 uel
908 2161 1035 2226 oculum
1069 2161 1334 2226 scandalizantem
1366 2162 1488 2225 iubata

307 2269 375 2333 erui
408 2287 425 2331 a
457 2287 596 2350 corpore.
629 2268 688 2332 hoc
718 2271 767 2332 est
795 2268 833 2332 ab
862 2267 931 2348 ipsa
960 2267 1093 2331 unitatis
1114 2268 1286 2344 societate,
1320 2271 1358 2330 ut
1387 2267 1451 2332 sine

307 2376 358 2438 his
399 2376 506 2456 potius
549 2375 696 2438 ueniatur
737 2373 775 2438 ad
817 2374 927 2450 uitam,
971 2393 1064 2454 quarn
1103 2393 1174 2438 cum
1212 2374 1257 2438 eis
1295 2379 1385 2439 eatur
1422 2375 1451 2436 in

309 2482 494 2565 gehennam.
526 2481 587 2544 boc
614 2480 683 2563 ipso
713 2484 820 2544 autem
849 2484 1042 2563 separantur,
1070 2480 1226 2562 aquibus
1260 2484 1450 2563 separantur,

309 2587 393 2669 quod
425 2588 471 2651 eis
504 2587 586 2650 mala
623 2586 840 2664 suadentibus,
879 2586 939 2650 hoc
977 2591 1026 2650 est
1059 2587 1357 2664 scandalizantibus
1394 2606 1449 2651 non

309 2693 512 2756 consentitur.
550 2697 582 2755 et
614 2693 642 2756 si
674 2692 802 2774 quidem
835 2693 981 2757 omnibus
1015 2693 1117 2770 bonis,
1155 2712 1226 2757 cum
1260 2693 1375 2775 quibus
1408 2693 1449 2757 eis
1466 2707 1487 2747 2⁰

308 2800 421 2864 notitia
441 2802 498 2876 est,
524 2800 619 2863 etiarn
644 2798 681 2862 de
705 2800 763 2862 hac
787 2799 993 2880 peruersitate
1016 2799 1227 2876 innotescunt,
1252 2801 1289 2864 ab
1314 2800 1449 2864 omnium

309 2908 436 2989 penitus
474 2907 625 2970 societate
663 2906 765 2988 adque
793 2906 832 2968 ab
869 2905 940 2987 ipsa
973 2905 1153 2970 diuinorum
1187 2910 1450 2971 sacramentorum

312 3012 552 3096 participatione
580 3016 779 3095 separantem
810 3011 837 3076 si
860 3015 967 3076 autem
997 3013 1188 3094 quibusdam
1211 3013 1257 3076 ita
1279 3014 1348 3077 noti
1372 3017 1450 3090 sunt,

401 3275 434 3326 15
453 3274 486 3327 ci.
506 3273 588 3326 Marc.
611 3275 635 3340 9,
653 3273 760 3326 42—49

348 3396 595 3466 limprobraretp
686 3395 815 3450 2audire
837 3396 886 3449 ΟΡ
957 3401 1124 3451 sacramenta
1143 3399 1279 3468 suscipere
1297 3400 1340 3453 E8
1407 3417 1451 3453 no-

308 3483 692 3546 ιιιίιιιΗι11Β,ιιοιιιίιιειΑ2
762 3484 833 3537 4ob
853 3501 904 3538 om.
923 3484 963 3538 Β1
1046 3487 1074 3539 ni
1093 3483 1127 3540 H
1196 3486 1310 3558 edicit]
1331 3488 1390 3542 deit
1406 3487 1450 3552 13¹,

310 3572 378 3625 dixit
396 3573 435 3625 ol
517 3572 588 3641 quod
608 3589 659 3628 om.
677 3590 703 3641 9,
723 3575 850 3642 qnoniam
869 3575 896 3630 R
978 3575 1093 3645 perdent
1110 3574 1153 3629 N²
1223 3578 1401 3631 mercemdenr
1419 3583 1451 3643 (ru

241 3660 248 3671 ⁸
307 3661 376 3715 med.
395 3664 465 3730 exp.)
484 3662 511 3713 Β
565 3663 666 3731 ttuti]
686 3666 718 3716 nt
735 3662 774 3715 B¹
848 3663 1001 3733 debeantp
1055 3667 1155 3734 ‘tergo
1174 3663 1214 3718 B1
1231 3665 1264 3718 N
1332 3676 1384 3736 xpo
1403 3667 1452 3720 AL

310 3750 399 3803 8iam
417 3751 458 3802 ita
475 3749 571 3804 RDM
621 3752 845 3819 Cguuemantur
863 3752 901 3805 Β1
975 3753 1009 3806 ad
1028 3769 1079 3808 om.
1098 3754 1125 3806 Β
1199 3756 1241 3822 ea]
1262 3771 1322 3807 earn
1339 3754 1452 3824 F²N²d

304 3839 425 3906 prael
499 3840 531 3891 10
551 3856 603 3907 quo
621 3857 639 3908 9
712 3841 742 3893 11
764 3840 941 3895 societurB¹
1023 3859 1101 3910 quam
1121 3842 1150 3894 bi
1170 3859 1220 3896 om.
1238 3859 1257 3911 9
1334 3844 1374 3897 hii
1393 3843 1452 3907 BR,

309 3926 610 3992 itaerantibus
676 3928 708 3980 12
727 3927 817 3981 imbiti
837 3928 877 3981 Β1
933 3930 965 3982 13
985 3930 1094 3999 quibus]
1116 3947 1162 3983 eos
1181 3930 1279 3999 quibus
1298 3931 1452 3997 ΗΑΕιΒγ

311 4016 374 4068 ael
436 4020 629 4085 persuaserunt
650 4015 740 4069 C¹PV
807 4018 834 4069 in
855 4020 994 4070 aeternum
1013 4018 1040 4070 Β
1096 4019 1128 4072 14
1146 4021 1273 4089 poenam]
1292 4025 1396 4089 ponant
1409 4020 1452 4081 B1,

310 4103 385 4156 illam
404 4119 538 4172 penamp
610 4105 805 4159 membraerum
824 4105 864 4158 Β1
956 4107 988 4159 16
1009 4107 1076 4175 erui]
1098 4106 1163 4164 odd.
1184 4111 1212 4161 et
1230 4108 1355 4162 abscindi
1373 4109 1453 4162 rael

313 4191 344 4243 17
364 4190 419 4259 his]
440 4192 474 4244 iis
492 4192 532 4245 Ea
603 4195 630 4246 in
651 4193 777 4261 gehenna
795 4193 833 4246 B¹
889 4195 922 4248 18
941 4201 1031 4249 autem
1049 4196 1109 4264 ipso
1129 4197 1167 4251 Es
1230 4201 1391 4267 reparantur
1410 4197 1455 4250 ΟΡ

314 4279 345 4330 19
365 4279 413 4347 eis]
435 4278 468 4333 de
486 4279 529 4332 his
549 4281 577 4334 N
623 4280 658 4335 20
676 4282 813 4350 omnibus]
834 4299 893 4335 curn
914 4283 1071 4338 omnibusr
1134 4285 1204 4354 cnm]
1225 4285 1257 4338 de
1277 4286 1314 4339 M
1357 4287 1390 4339 21
1409 4303 1451 4338 no·

311 4367 385 4435 titia]
407 4369 523 4421 societas
543 4369 707 4422 eraelm
766 4371 881 4424 esteB¹
941 4373 973 4426 da
992 4389 1042 4427 om.
1062 4372 1102 4427 Β1
1159 4374 1210 4428 hoc
1229 4373 1269 4428 Β1
1325 4376 1397 4429 omni
1408 4391 1452 4443 pp
