3184 5234
313 530 379 592 392
675 523 704 578 S.
730 523 869 578 Aureli
895 521 1113 592 Augustini

313 721 400 804 qnod
422 721 469 790 ita
491 721 613 786 fectum
636 720 689 797 sit,
719 719 776 784 sed
801 719 905 803 angeli
929 739 965 784 ex
988 719 1135 784 mandato
1160 719 1279 784 domini
1303 724 1335 784 et
1357 719 1456 804 ipsius

313 830 427 911 postea
448 826 579 907 domini,
602 826 819 912 euangelistae
843 829 950 890 autem
974 826 1139 904 narrantis,
1164 827 1220 890 sed
1245 825 1329 907 quod
1351 826 1398 890 ita
1422 826 1456 889 ab

313 937 426 1021 angelo
451 938 484 1000 et
502 954 521 998 a
536 934 663 1000 domino
683 933 805 999 dictum
825 933 877 1011 sit,
896 933 1081 1016 prophetice
1100 932 1220 997 dictum
1241 932 1457 1016 accipiendum

313 1044 373 1108 est.
411 1040 556 1108 Galilaea
591 1060 727 1124 namque
764 1041 988 1122 interpretatur
1024 1040 1077 1104 uel
1113 1039 1372 1124 ‘transmigratio‘
1408 1039 1458 1102 uel
1496 1027 1498 1031 ’

312 1148 499 1214 ‘reuelatio’
531 1147 620 1231 prius
647 1147 756 1229 itaque
784 1147 958 1212 secundum
986 1145 1272 1229 transmigrationis
1306 1145 1458 1228 significa·
1485 1166 1494 1202 r

311 1255 432 1320 tionem
466 1255 543 1337 quid
575 1254 663 1319 uliud
695 1252 834 1319 occurrit
862 1252 1112 1337 intellegendum
1145 1252 1357 1337 praeeedit
1390 1271 1458 1316 uos

312 1364 352 1428 in
373 1361 611 1438 Galilaeam‚
631 1361 688 1426 ihi
709 1380 795 1426 eum
814 1359 1030 1438 uidebitis,
1048 1359 1110 1424 uisi
1130 1360 1203 1442 quia
1222 1357 1342 1424 Christi
1360 1358 1459 1442 gratia

314 1469 352 1534 de
367 1469 486 1552 populo
499 1467 621 1532 Israhel
630 1467 895 1550 transmigratura
909 1470 977 1530 erat
991 1465 1030 1530 ad
1044 1469 1177 1549 gentes?
1192 1466 1308 1547 quihus
1325 1465 1458 1546 apostoli

313 1575 531 1658 praedicantes
555 1573 756 1657 euangelium
775 1572 863 1638 nullo
883 1572 977 1638 modo
1003 1572 1213 1650 crederentur,
1238 1571 1300 1636 nisi
1323 1571 1371 1635 eis
1392 1571 1458 1654 ipse

313 1681 462 1746 domiuus
499 1680 586 1745 niam
622 1679 654 1743 in
691 1678 841 1744 cordibus
878 1679 1043 1744 hominum
1079 1680 1292 1761 praepararem
1331 1680 1364 1742 et
1400 1677 1458 1741 hoo
1474 1695 1495 1733 ιο

313 1787 527 1872 intellegitur:
559 1785 775 1868 praeeedit
804 1804 876 1850 uos
903 1785 942 1848 in
972 1783 1210 1849 Galilaeam.
1241 1783 1326 1866 quod
1353 1787 1457 1848 autem

312 1894 488 1978 gaudentes
506 1892 696 1958 mirarentur
714 1892 869 1976 disruptis
889 1895 922 1957 et
944 1891 1059 1956 euiotis
1079 1889 1323 1956 difficultatibus
1348 1890 1457 1974 aperiri

314 2001 376 2066 sibi
412 2001 531 2065 ostium
565 2000 598 2063 in
637 1999 763 2065 domino
800 2018 857 2081 per·
892 1998 1166 2064 inluminationem
1204 1996 1358 2077 fidelium,
1400 1997 1457 2060 hoo

313 2107 525 2190 intellegitur:
551 2105 610 2170 ibi
638 2125 725 2170 eum
753 2105 968 2182 uidebitis,
1001 2104 1034 2168 id
1064 2107 1113 2170 est
1140 2104 1194 2168 ‘ihi
1222 2103 1365 2168 membra
1392 2103 1456 2166 eius

313 2213 493 2289 inuenietis,
520 2213 566 2278 ibi
593 2212 706 2276 uiuum
735 2230 849 2295 corpus
877 2212 946 2276 eius
969 2213 1001 2276 in
1024 2211 1074 2276 his
1099 2211 1155 2293 qui
1176 2229 1236 2274 uos
1261 2210 1457 2292 susceperint
1473 2227 1494 2266 1⁵

313 2319 515 2405 agnoscetis’.
538 2318 714 2385 seeundum
731 2317 814 2382 illud
837 2322 943 2383 autem
968 2318 1052 2400 quod
1072 2317 1214 2383 Galilaea
1236 2317 1457 2400 interpretatur

313 2426 489 2492 ‘reuelatio'
515 2443 575 2489 non
603 2425 668 2489 iam
693 2424 726 2488 in
753 2423 854 2490 forma
877 2424 963 2488 serui
985 2422 1235 2506 intellegendum
1260 2427 1319 2501 est,
1349 2422 1454 2488 sedin

311 2533 369 2598 illa
395 2533 426 2596 in
456 2551 519 2613 qua
541 2531 683 2614 aequalis
708 2533 757 2595 est
779 2531 872 2612 patri,
898 2549 993 2612 quarn
1016 2529 1164 2611 promisit
1186 2532 1264 2610 aput
1289 2530 1455 2594 Iohannem

314 2638 523 2704 dilectoribus
552 2638 631 2716 suis,
664 2657 737 2703 eum
769 2636 901 2702 diceret:
936 2640 973 2701 et
1007 2655 1075 2719 ego
1105 2636 1276 2720 diligam
1305 2656 1391 2700 eum
1422 2637 1456 2698 et

314 2745 522 2810 ostendam
546 2764 603 2809 me
627 2745 759 2828 ipsum
782 2744 860 2808 illi.
890 2763 952 2809 non
976 2743 1088 2826 utique
1112 2743 1286 2808 secundum
1315 2743 1348 2806 id
1378 2741 1496 2825 quoda

313 2853 377 2916 iam
405 2851 559 2916 uidebant
587 2853 619 2916 et
647 2850 732 2934 quod
760 2851 856 2915 etiam
882 2869 1051 2934 resurgens
1081 2867 1153 2914 eum
1177 2849 1380 2914 cicatricibus
1403 2867 1457 2912 non

402 3060 419 3113 e
438 3058 537 3112 naun.
556 3058 600 3122 as,
620 3059 649 3122 τ,
668 3058 751 3112 nare.
772 3058 813 3120 re,
834 3059 848 3110 r
906 3058 938 3111 rr
959 3056 993 3112 or.
1012 3057 1131 3128 Philipp.
1147 3058 1172 3122 a,
1187 3058 1203 3111 e
1219 3059 1276 3112 etr
1334 3057 1367 3112 19
1386 3055 1456 3109 *rou

316 3149 357 3214 14,
377 3146 439 3200 aro

351 3273 364 3326 1
385 3272 423 3324 sit
441 3287 491 3326 cru.
510 3271 582 3341 Eup.
606 3270 681 3335 Vae,
699 3274 742 3324 est
758 3270 831 3340 Euty.
856 3269 931 3324 Vere.
1053 3268 1151 3324 mando
1170 3269 1206 3332 Β,
1225 3268 1357 3323 mandatu
1379 3267 1460 3335 0¹N2,

315 3365 388 3415 -tum
406 3359 447 3414 N¹
515 3359 625 3429 2quod
643 3359 684 3412 ita
703 3359 751 3413 sed
769 3359 843 3428 Eup.
867 3359 929 3412 Vae.
1003 3357 1086 3428 quod]
1107 3375 1160 3428 quo
1179 3357 1305 3411 HAE¹L
1369 3360 1461 3428 3pro·

314 3449 442 3519 pheticue
461 3449 497 3512 Β,
517 3449 585 3502 -tiao
604 3446 711 3502 A¹E1L
790 3447 891 3501 dictum
913 3447 961 3502 alt.
981 3463 1066 3502 ouer
1155 3447 1321 3517 tuamque]
1342 3451 1463 3514 eutemp

314 3540 331 3592 5
350 3535 590 3605 significationem]
611 3536 676 3590 add.
696 3535 768 3606 quod
788 3535 960 3604 intellegitur
977 3551 1025 3605 per
1043 3535 1194 3590 misterium
1216 3533 1464 3604 transmigrationis

313 3629 427 3696 patetp
481 3626 498 3678 6
517 3623 744 3694 intellegendum]
765 3622 832 3678 edd.
852 3623 917 3693 quid
943 3623 1123 3693 intellegatur
1140 3641 1188 3694 per
1205 3623 1365 3692 mysterium
1383 3624 1463 3692 (mist.

316 3714 353 3782 0)
373 3713 577 3783 transmigratio
595 3715 669 3783 patit
687 3716 755 3782 (tet
775 3711 822 3780 0²)
843 3713 986 3780 01³,oau
1006 3716 1054 3766 ant
1073 3711 1140 3782 quid
1157 3711 1322 3781 intelligitur
1344 3729 1393 3782 per
1414 3712 1462 3765 mi·

314 3803 428 3856 sterium
445 3802 695 3872 transmigrationis
708 3819 731 3871 p
839 3800 985 3872 praecedet
1008 3801 1063 3856 VN
1066 3801 1100 3872 0²
1122 3801 1182 3856 edd.
1200 3805 1315 3870 praeter
1332 3818 1360 3854 m
1383 3801 1462 3869 (Eup.

318 3891 405 3960 Vere.)
492 3894 507 3946 7
527 3891 657 3946 uidenitis
675 3890 703 3944 Β
803 3889 819 3944 8
840 3908 855 3944 a
874 3891 972 3960 quihus
992 3891 1123 3961 apostolis
1142 3889 1364 3959 praedicantibus
1384 3907 1462 3943 euan-

315 3981 418 4050 gelium
436 3997 463 4033 u.
482 3997 517 4033 m.
537 3980 692 4034 crederetur
709 3997 759 4050 mp.
785 3979 822 4032 112
875 3981 892 4034 9
912 3980 1066 4034 crederetur
1083 3980 1117 4034 el
1184 3978 1218 4032 10
1236 3982 1381 4048 praeparet
1401 3977 1463 4046 N¹Q

316 4071 347 4124 11
367 4067 514 4140 praecedet
532 4069 619 4124 RVN
635 4069 697 4126 edd.
710 4075 823 4138 praeter
840 4085 867 4122 m
885 4069 966 4138 (Eup.
991 4068 1086 4135 Vere),
1105 4067 1182 4120 -dam
1200 4067 1230 4121 D
1358 4069 1391 4122 12
1410 4066 1461 4119 dir-

314 4159 403 4228 ruptis
425 4156 546 4228 F¹N¹Q²
575 4159 657 4228 (Esco.
681 4158 760 4213 codd.
786 4163 896 4226 praeter
918 4157 987 4211 Pur.
1016 4156 1113 4223 Vere).
1138 4155 1238 4226 dirupt.
1264 4153 1299 4226 0²
1321 4155 1462 4227 gpael

315 4245 398 4300 uictis
416 4245 532 4316 A1E1L,
552 4264 593 4302 eu.
612 4248 718 4302 eunctis
736 4246 810 4315 E²r
893 4247 996 4316 aperire
1018 4245 1069 4300 GP
1086 4245 1167 4315 (Etcp.
1193 4244 1278 4314 Vere.)
1354 4245 1387 4299 14
1406 4235 1460 4298 eius

314 4334 435 4388 membra
454 4335 515 4390 edd.
529 4339 644 4403 praeter
659 4351 705 4405 pp
760 4335 793 4390 15
812 4335 846 4389 iis
866 4335 912 4389 lm
963 4334 996 4389 16
1012 4334 1181 4403 cognoscetis
1195 4333 1229 4396 Β,
1250 4333 1399 4402 agnoscitis
1415 4331 1461 4386 CP

313 4426 406 4477 autem
423 4423 492 4477 illud
509 4422 655 4492 Hamae
710 4424 743 4477 21
764 4427 792 4476 et
810 4439 861 4478 om.
881 4423 908 4476 Β
