3184 5234
318 449 588 518 Quaestiones
616 451 701 505 aine
729 469 806 523 cap,
834 452 933 507 libri
961 452 997 522 ΙΙ,
1025 452 1133 508 49-62
1264 456 1304 521 71

370 665 536 712 numerum
561 648 694 725 dierum,
718 647 793 729 quia
811 647 975 713 Mattheus
1000 650 1032 713 et
1049 648 1177 715 Marcus
1197 648 1306 713 dicunt

370 758 444 836 post
467 773 521 819 sex
544 754 612 819 dies
636 754 758 836 lactum
780 754 866 837 quod
889 754 993 819 Lucas
1016 759 1091 837 post
1114 757 1198 821 octo.

250 860 348 927 LVII.
370 860 434 927 Ubi
461 861 500 925 de
528 860 668 925 aduentu
694 860 808 925 Heliae
835 862 963 926 loeutus
991 866 1042 925 ost
1069 861 1125 939 eis,
1155 880 1234 947 quae
1264 862 1306 927 sit

371 967 592 1033 conuenientia
612 968 696 1032 inter
717 967 897 1031 hlattheum
921 969 954 1031 et
976 967 1130 1033 Marcum.

129 1095 142 1137 e
232 1072 345 1139 LVHI.
368 1074 417 1138 De
440 1074 496 1139 illo
520 1074 576 1157 qui
599 1074 629 1139 ei
652 1073 770 1138 obtulit
791 1073 894 1138 filium
917 1093 1024 1153 suum,
1043 1093 1137 1157 quem
1156 1073 1306 1158 discipuli

369 1200 482 1245 sanare
518 1199 580 1245 non
616 1182 799 1263 potuerunt,
838 1180 1104 1263 quemadmodum
1145 1183 1209 1245 tres
1250 1180 1305 1245 isti

371 1286 571 1351 consentiant
593 1286 690 1351 etiam
713 1286 822 1350 ordine
845 1287 1043 1351 narrationis.

218 1393 347 1458 LVlIlI.
372 1393 436 1458 Ubi
463 1393 502 1457 de
529 1393 676 1476 passione
704 1412 763 1458 sua
790 1412 864 1459 cum
893 1393 939 1458 eis
968 1392 1100 1459 dixisset
1127 1393 1305 1459 contristati

371 1503 457 1579 sunt,
487 1500 572 1583 quod
600 1505 666 1565 tres
693 1501 756 1585 ipsi
784 1500 895 1565 eodem
920 1502 1026 1567 ordine
1050 1504 1305 1566 commemorant.

120 1627 142 1666 o
282 1607 348 1671 LX.
371 1606 436 1673 Ubi
459 1606 497 1672 do
521 1625 575 1671 ore
598 1607 697 1691 piscis
721 1607 821 1672 soluit
842 1607 1010 1686 tributum,
1035 1607 1119 1691 quod
1141 1607 1305 1673 Mattheus

374 1713 464 1778 solus
487 1712 575 1779 dicit.

269 1819 351 1883 LXI.
375 1819 422 1883 Do
445 1838 543 1901 puero
567 1820 712 1902 paruulo,
736 1838 830 1903 quem
855 1821 1022 1904 proposuit
1044 1820 1243 1898 imitandum,
1268 1820 1306 1885 de

372 1925 530 1991 scandalis
562 1926 683 2003 mnndi,
715 1926 754 1991 de
785 1926 936 1991 memhris
976 1926 1114 2010 corporis
1151 1927 1307 1993 scandali-

372 2031 529 2111 zantibus,
549 2033 587 2097 de
607 2032 729 2117 angelis
751 2034 970 2117 paruulorum,
990 2035 1044 2115 qui
1063 2033 1175 2099 uident
1192 2034 1305 2099 faeiem

373 2139 485 2222 patris,
512 2138 552 2204 de
578 2158 643 2205 una
669 2158 730 2205 oue
758 2158 793 2204 ex
822 2139 937 2204 ouibus
971 2145 1109 2216 eentum,
1142 2140 1180 2205 de
1212 2140 1307 2205 tratre

374 2246 573 2330 corripiendo
605 2246 637 2311 in
670 2250 802 2322 secreto,
836 2246 874 2310 de
907 2247 1069 2311 soluendis
1106 2247 1306 2331 ligandisque

373 2353 524 2435 peccatis,
557 2352 596 2417 de
627 2352 795 2417 concordia
827 2352 962 2417 duorum
994 2357 1026 2417 et
1062 2352 1307 2437 congregatione

374 2458 483 2541 trium,
512 2459 550 2523 de
578 2458 776 2523 dimittendis
805 2459 946 2542 peccatis
974 2478 1076 2541 usque
1104 2460 1306 2543 septuagiens

375 2567 526 2649 septiens,
549 2566 588 2631 de
611 2586 714 2642 seruo,
743 2567 796 2630 cui
825 2566 993 2631 dimissum
1021 2569 1071 2630 est
1093 2566 1231 2631 multum
1256 2567 1306 2631 de·

375 2672 478 2737 bitum
503 2676 537 2738 ot
557 2672 627 2757 ipse
649 2692 786 2754 paruum
809 2692 869 2737 non
894 2672 1017 2737 dimisit
1040 2692 1202 2753 conseruo,
1226 2672 1307 2737 Mat·

375 2780 472 2844 thoas
497 2779 764 2863 quemadmodum
789 2778 903 2844 ceteris
927 2800 988 2845 non
1012 2784 1176 2864 repugnat.

254 2885 352 2949 LXII.
377 2883 508 2964 Quando
540 2886 754 2968 interrogatus
787 2887 837 2949 est
872 2888 981 2950 utrum
1017 2885 1111 2951 liceat
1148 2886 1307 2950 dimittere

375 3012 515 3072 uxorem,
544 2992 811 3076 quemadmodum
839 2991 921 3056 inter
948 3010 981 3056 se
1006 2992 1204 3057 consentiant
1226 2992 1308 3057 Mal-

198 3200 210 3252 l
233 3200 298 3271 qnia
316 3216 422 3253 marcos
441 3198 509 3253 dicit
525 3200 556 3255 F
575 3199 659 3270 OMQ
677 3198 711 3253 H
743 3202 760 3253 2
779 3199 852 3270 quod
871 3200 1008 3257 mattheus
1028 3202 1056 3254 et
1073 3201 1148 3256 lucas
1161 3202 1192 3257 F
1211 3201 1259 3273 OQ
1277 3203 1311 3257 H

162 3291 235 3359 octo]
257 3288 324 3347 add.
342 3289 400 3343 dies
417 3308 434 3343 r
487 3290 631 3360 dei]om.
653 3288 902 3354 OPV,11111311T
972 3289 1154 3360 optulith
1227 3292 1308 3345 disci·

162 3377 230 3447 puli]
250 3378 317 3431 add.
336 3378 430 3447 einsp
502 3378 684 3449 dpotuerant
700 3394 727 3430 m
817 3378 864 3431 isti
882 3380 974 3447 tresp
1047 3379 1255 3433 Iconsentiunt
1272 3379 1307 3444 Β,

163 3468 327 3521 conueniant
348 3465 400 3521 ΤΒ
454 3468 548 3535 etiam]
569 3472 632 3535 etp
686 3466 787 3537 lipsi]
806 3466 854 3519 isti
872 3466 905 3519 H
957 3464 1051 3519 eodem
1070 3466 1175 3536 ordine]
1196 3466 1309 3521 ecclesie

162 3555 300 3610 ordinesr
356 3558 390 3610 10
408 3554 492 3626 qnod]
513 3556 579 3611 add.
599 3555 680 3610 etiam
695 3572 740 3609 ra
795 3556 828 3609 12
847 3556 919 3624 LXI]
938 3555 1014 3608 LVII
1031 3554 1079 3609 GP
1148 3557 1261 3626 paruolo
1279 3557 1309 3620 Ο,

164 3661 249 3699 om.r
322 3645 355 3698 de
372 3644 519 3699 iscandalis
537 3643 565 3696 Β
643 3644 677 3697 de
696 3643 1004 3714 scandalis-repugnat
1022 3660 1107 3699 om.r
1198 3646 1231 3697 14
1250 3646 1307 3716 qui]

163 3735 229 3805 qnid
246 3736 275 3789 Β
366 3735 399 3789 15
417 3751 471 3788 uno
489 3733 523 3787 N
599 3735 651 3787 ohe
668 3734 697 3787 Β
777 3735 896 3802 eentum]
918 3733 983 3787 add.
1003 3734 1031 3786 et
1054 3734 1081 3787 V
1163 3733 1198 3787 de
1214 3732 1309 3804 fratre]

159 3825 346 3891 praemittent
362 3839 506 3877 numerum
524 3838 586 3892 cap.
604 3822 696 3876 LVIII
713 3822 762 3876 GP
812 3823 843 3877 17
864 3822 1100 3891 congregationem
1118 3820 1168 3875 GP
1217 3824 1249 3877 18
1269 3822 1310 3877 di·

163 3910 340 3967 mitendisO
424 3928 510 3981 usqne
529 3912 563 3965 ad
581 3912 640 3965 ΒΤ
721 3911 897 3980 septuagiens
915 3910 943 3963 Β
964 3910 1014 3964 GP
1032 3910 1104 3975 011¹,
1123 3912 1311 3982 septuagesies

159 4015 189 4068 p,
208 4001 368 4072 septuagies
386 4007 435 4055 eet.
522 4000 556 4053 19
573 4000 694 4069 septiens
712 4000 741 4053 Β
762 3998 834 4063 011¹,
854 4000 955 4068 septies
974 4004 1022 4053 cet.
1122 4000 1311 4057 demissumO

164 4089 286 4143 deultum
304 4090 332 4143 Β
407 4090 443 4143 20
462 4088 616 4144 demisitO
696 4088 921 4158 quemadmodum
940 4089 1065 4143 matheus
1083 4088 1172 4142 ΒΝ
1239 4092 1309 4142 mat·

163 4176 258 4231 themo
277 4176 372 4246 (math.
393 4176 428 4247 0)
448 4178 498 4232 GP
563 4177 598 4231 22
616 4178 702 4246 LXII]
720 4177 826 4231 Ll'IlIl
848 4177 896 4231 ΟΡ
913 4180 949 4245 (et
966 4178 1006 4231 aio
1024 4177 1149 4245 deinceps
1166 4194 1240 4231 uum.
1261 4179 1309 4231 tri·

164 4264 215 4319 bes
233 4267 361 4334 missores)
433 4266 500 4320 licet
517 4267 545 4319 B
625 4264 814 4320 demitteret]
866 4266 900 4319 23
919 4282 1000 4319 uxore
1021 4264 1070 4319 GP
1141 4266 1310 4320 consentiant

166 4357 193 4418 (a
209 4370 299 4423 supro
315 4359 345 4421 u)
364 4355 400 4424 B,
419 4356 575 4409 consentiat
592 4354 633 4410 Βι
