3184 5234
302 464 439 528 XXVIII
761 462 980 518 Praelatio.

301 658 479 722 luculenter
507 657 694 739 disputauit.
722 657 830 737 itaque
857 657 890 720 in
920 655 1121 722 adnotatione
1150 654 1259 719 critica
1287 655 1343 720 ubi
1371 674 1388 721 e
1414 675 1449 719 ro

256 789 274 829 o
302 763 478 840 uidebatur,
503 768 626 845 praeter
648 762 807 846 Vulgatae
835 763 1003 827 lectionem
1031 761 1150 846 (Biblia
1172 761 1269 826 Sacra
1290 761 1449 844 Vulgatae

300 870 456 934 Editionis
485 869 565 934 Sinti
591 868 630 933 V.
659 873 692 934 et
724 869 897 935 Clementis
929 870 1014 933 VIII.
1045 869 1137 932 iussn
1168 869 1330 952 recognita
1362 868 1448 951 typis

273 1025 276 1031 .
303 996 326 1038 s.
346 995 450 1060 congr.
476 976 514 1040 de
535 977 737 1060 propaganda
755 976 817 1039 fide
836 977 955 1039 Romae
975 974 1076 1058 18611
1097 975 1192 1039 etiam
1212 976 1448 1058 euangeliorum

241 1106 243 1110 ·
302 1081 425 1145 codices
454 1086 486 1145 et
517 1083 630 1164 prioris
662 1081 931 1164 interpretationis
964 1100 1182 1157 ueronensem
1209 1082 1447 1159 ueroellensem,

302 1187 522 1265 colbertInum
548 1189 841 1272 cantabrigiensem
861 1188 1047 1265 brixianum,
1068 1188 1158 1263 alios,
1179 1192 1212 1252 et
1229 1187 1449 1270 Hieronymia-

301 1313 358 1358 nae
392 1295 539 1358 editionis
566 1295 763 1359 Amiatinum
791 1294 1076 1358 lindisfarnensem
1104 1294 1306 1370 Fuldansem,
1335 1287 1447 1358 Dubli-

300 1420 428 1465 nensem
452 1403 699 1484 Egertonensem
724 1401 978 1465 lichfeldensem
1001 1401 1304 1466 Rnshworthiannm
1329 1437 1368 1447 —
1393 1404 1447 1465 uel

301 1506 493 1573 Celticorum
518 1509 657 1572 ordinem
676 1527 739 1572 uno
763 1509 888 1572 nomine
913 1509 1179 1590 comprehendens
1196 1543 1251 1583 -,
1272 1506 1448 1572 Cauensem

301 1614 498 1691 toletanum,
527 1615 617 1690 alios,
643 1620 674 1678 et
698 1615 785 1696 ipsos
814 1613 952 1679 Graecos
981 1615 1156 1680 secundum
1184 1614 1338 1678 editiones
1368 1615 1449 1678 cele-

300 1721 452 1785 berrimas
477 1722 732 1786 commemoraui.

344 1827 486 1910 Denique
506 1831 543 1892 ut
560 1829 735 1912 legentium
756 1830 975 1893 commodItati
994 1829 1156 1906 seminem,
1180 1827 1314 1892 indidem
1336 1848 1448 1911 synop-

299 1935 400 1999 tIenm
419 1937 505 2000 Luca
528 1936 606 2001 duce
627 1936 807 2001 confectum
832 1937 943 2013 adieci,
966 1937 997 2000 in
1018 1955 1079 2018 quo
1103 1935 1281 1999 adornando
1306 1935 1447 2016 exempla

302 2043 492 2124 optimorum
517 2047 680 2107 auctorum
707 2063 821 2128 magno
845 2044 923 2107 mihi
947 2043 1128 2106 adiumento
1154 2046 1250 2107 erant.

346 2148 380 2210 ln
408 2151 496 2211 textu
525 2153 632 2212 autem
663 2148 884 2213 constituendo
914 2148 1043 2230 optimis
1075 2148 1243 2229 praesidiis
1271 2148 1444 2212 instructus

302 2274 374 2318 cum
399 2273 522 2337 sperare
546 2273 674 2336 possem
698 2256 823 2320 forent
847 2255 1013 2337 pristinam
1032 2254 1128 2318 huius
1149 2255 1253 2334 operis
1273 2253 1445 2318 orationem

300 2361 512 2439 rest'tuerem‚
529 2362 624 2426 etiam
638 2363 669 2425 in
684 2363 778 2426 rebus
790 2361 1042 2445 orthographicis
1057 2359 1280 2424 uetustissima
1293 2358 1446 2439 exempla-

299 2469 347 2532 ria
365 2469 391 2531 B
417 2467 502 2546 610,
523 2468 627 2549 quoad
649 2468 718 2531 fieri
741 2468 857 2549 potuit,
882 2471 1013 2532 secutus
1032 2486 1115 2530 sum.
1139 2465 1196 2530 sed
1215 2483 1288 2529 cnm
1309 2483 1349 2527 ne
1372 2464 1445 2527 illos

301 2574 428 2655 quidem
457 2575 582 2639 codices
610 2574 641 2637 in
665 2575 839 2638 'uerborum
867 2574 1032 2656 scripturis
1062 2572 1180 2654 ubique
1209 2570 1271 2636 sibi
1302 2574 1446 2635 constare

301 2680 354 2742 uel
381 2701 490 2744 ueram
523 2680 680 2744 scribendi
711 2682 866 2744 rationem
899 2681 1046 2760 praebere
1078 2677 1318 2755 intellexissem,
1351 2676 1445 2739 etiam

301 2787 340 2849 ad
359 2786 439 2850 alios
457 2786 554 2850 libros
574 2786 808 2868 respiciendum
828 2785 1007 2850 uidebatur.
1020 2787 1172 2850 ¹attamen
1195 2784 1228 2848 in
1247 2782 1447 2847 adnotatione

302 2912 374 2957 cum
407 2895 523 2958 nollem
561 2893 708 2957 omnibus
747 2894 816 2957 eius
853 2893 977 2976 generis
1015 2891 1236 2975 discrepantiis
1274 2889 1445 2967 immorari,

302 2999 445 3063 diuersas
472 3001 701 3065 uocabulorum
729 3000 903 3082 scripturas
932 2999 1071 3081 exceptis
1097 2998 1279 3063 nominibus
1311 2997 1446 3079 propriis

302 3108 334 3170 et
356 3107 489 3171 uocibus
514 3107 687 3190 peregrinis
712 3111 744 3170 et
771 3107 988 3190 singularibus
1018 3105 1209 3188 quibusdam
1232 3105 1338 3183 rebus,
1368 3123 1447 3185 quae

228 3259 231 3266 ‚
301 3215 341 3278 ad
358 3214 542 3278 testimonia
560 3214 693 3277 maxime
707 3215 910 3297 pertinerent,
926 3213 1112 3296 plerumque
1128 3212 1303 3296 suppressi.
1323 3230 1448 3276 omnem

301 3326 408 3386 autem
427 3321 507 3385 hano
526 3321 744 3403 quaestionem
763 3339 913 3386 unacum
933 3320 1045 3384 ceteris
1063 3320 1216 3383 librorum
1235 3338 1332 3383 manu
1351 3319 1447 3399 scrip-

300 3433 406 3492 torum
429 3426 605 3490 rationibus
631 3426 802 3508 separatim
826 3426 955 3490 uberius
978 3426 1130 3490 tractabo.

346 3533 412 3595 Iam
441 3533 478 3596 de
507 3534 700 3614 corrigendis
730 3538 762 3597 et
789 3528 940 3597 addendis
970 3536 1096 3615 oportet
1122 3551 1224 3616 pauca
1251 3532 1447 3596 admoneam.

300 3639 332 3702 in
357 3641 443 3702 textu
466 3639 566 3722 igitur
588 3640 664 3713 271,
690 3640 728 3700 21
753 3638 953 3701 scribendum
974 3643 1024 3702 est
1040 3640 1187 3703 coudecet
1209 3637 1279 3720 (pro
1303 3637 1446 3722 dixisset)

303 3784 341 3792 -
373 3747 403 3809 16
437 3745 523 3808 notis
553 3746 627 3821 279,
659 3745 678 3808 6
706 3749 733 3806 16
762 3746 832 3819 alta
863 3747 938 3822 352,
969 3745 1009 3809 14
1038 3766 1056 3806 6
1085 3744 1269 3820 delendum3
1299 3745 1375 3819 375,
1406 3745 1447 3805 12

302 3852 481 3915 addendum
503 3848 602 3936 crido]
625 3852 748 3916 mtttonr
775 3853 952 3934 poraeh
979 3853 1054 3928 407,
1081 3853 1119 3916 17
1144 3851 1189 3914 N³
1216 3849 1285 3935 (pro
1309 3849 1379 3929 Er)
1405 3887 1446 3894 —

300 3959 333 4021 in
356 3957 549 4020 testimoniis
571 3959 600 4030 7,
624 3958 663 4020 15
682 3959 719 4019 in
737 3957 803 4020 Iole.
822 3978 868 4020 cn.
889 3962 976 4023 tract.
997 3957 1065 4041 (pro
1086 3958 1141 4044 ib.)
1161 3996 1204 4004 -
1224 3959 1302 4021 haec
1326 3955 1448 4020 nescire

302 4063 388 4128 nolui
414 4082 468 4126 eos
493 4063 547 4145 qni
572 4063 709 4128 editione
734 4084 805 4128 mea
828 4069 966 4129 utentur.

345 4169 552 4233 Praefationis
590 4170 686 4234 huius
723 4170 819 4234 finem
855 4172 956 4236 facere
989 4190 1049 4234 non
1081 4190 1224 4254 possum⁷
1261 4170 1337 4252 quin
1369 4170 1448 4234 bene

267 4355 272 4368 ,
300 4278 430 4341 meritos
455 4276 507 4356 pio
532 4276 634 4339 animo
659 4278 802 4340 recolens
827 4277 932 4341 debito
956 4296 1084 4341 munere
1108 4277 1285 4359 perfungar.
1305 4275 1448 4358 inprimis

229 4462 233 4470 s
289 4387 407 4456 autem
429 4387 576 4465 quantam
596 4383 765 4448 maximam
790 4383 914 4447 animus
934 4403 1044 4466 capere
1063 4387 1170 4466 potest
1193 4381 1328 4466 gratiam
1348 4381 1448 4446 habeo
