3184 5234
347 479 414 543 300
513 462 516 469 ¹
706 478 732 529 S.
761 476 898 530 Aureli
927 474 1144 543 Augustini

343 677 433 737 runt
459 673 496 736 in
525 672 658 736 faciem
689 671 769 735 eius
809 674 846 735 et
875 671 1011 735 colafis
1045 690 1128 735 eum
1160 669 1390 747 ceciderunt,
1425 670 1475 735 alii

343 784 468 843 autem
498 778 640 861 palmas
665 778 701 841 in
730 778 866 842 faciem
896 779 929 841 ei
958 778 1143 842 dederunt
1170 776 1387 843 ⁶⁸dicentes:
1416 796 1474 860 pro·

344 885 497 967 phetiza
533 885 652 962 nobis,
691 884 854 961 Christe,
892 889 976 967 quis
1014 888 1072 949 est
1108 885 1172 966 qui
1208 887 1244 948 te
1281 884 1475 968 percussit?

342 996 475 1056 secutus
500 994 550 1056 est
574 990 696 1055 dicens:
723 988 888 1055 ⁶⁹Petrus
912 1010 999 1055 uero
1024 990 1182 1056 sedebat
1210 991 1302 1055 ioris
1325 992 1362 1055 in
1386 990 1476 1056 atrio,

342 1097 427 1179 quod
455 1116 516 1162 uon
546 1097 672 1173 diceret,
702 1096 764 1161 nisi
791 1096 848 1159 illa
875 1115 948 1159 cum
977 1096 1103 1161 domino
1132 1097 1218 1160 intus
1246 1100 1422 1181 agerentur.
1444 1098 1507 1166 ets

342 1206 497 1284 quantum
521 1204 684 1286 colligitur
705 1204 737 1266 in
762 1202 940 1266 narratione
963 1202 1074 1278 Marci,
1098 1221 1159 1267 non
1183 1204 1288 1268 solum
1312 1203 1343 1266 in
1368 1203 1478 1269 interio-

340 1309 441 1385 ribus,
462 1308 518 1373 sed
538 1310 634 1373 etiam
653 1308 684 1372 in
706 1308 924 1391 superioribus
944 1308 1058 1373 demus
1078 1309 1259 1391 agebantur.
1278 1327 1350 1372 narn
1370 1314 1477 1392 postea·

283 1422 290 1466 ἰ
342 1433 438 1496 quam
457 1415 583 1479 Marcus
599 1414 676 1479 talia
690 1414 840 1488 narrauit,
857 1418 989 1479 secutus
1004 1414 1063 1479 ait:
1080 1418 1117 1479 et
1136 1433 1216 1479 cum
1235 1418 1338 1479 esset
1356 1416 1477 1480 Petrus

340 1522 377 1585 in
400 1522 497 1585 atrio
523 1521 706 1586 deorsum.
727 1521 813 1585 sicut
831 1539 905 1605 ergo
927 1540 963 1585 eo
984 1520 1069 1603 quod
1088 1521 1252 1586 Mattheus
1271 1522 1331 1586 ait:
1355 1522 1476 1585 Petrus

342 1632 430 1692 nero
468 1627 626 1692 sedebat
662 1626 755 1692 ioris
792 1627 828 1690 in
867 1628 976 1703 atrio,
1005 1627 1154 1707 ostendit
1191 1629 1274 1710 quod
1311 1628 1369 1691 illa
1403 1628 1507 1691 intuso

340 1738 519 1819 agerentur,
545 1734 591 1799 sio
614 1752 651 1797 eo
676 1733 761 1815 quod
785 1734 864 1798 dixit
886 1734 1030 1799 Marcus:
1055 1738 1091 1797 et
1118 1753 1199 1798 cum
1229 1739 1331 1799 esset
1356 1736 1476 1799 Petrus

341 1841 377 1903 in
409 1841 503 1905 atrio
528 1840 711 1917 deorsum,
742 1840 882 1905 ostendit
910 1860 970 1905 nou
999 1841 1105 1905 solum
1131 1841 1164 1904 in
1192 1842 1405 1919 interioribus,
1431 1840 1477 1905 sed

340 1947 437 2011 etiarn
474 1948 505 2012 in
543 1948 759 2030 superioribus
799 1952 891 2030 gesta
928 1966 1008 2027 quae
1045 1948 1173 2011 dixerat.
1215 1948 1374 2029 quomodo
1414 1965 1477 2030 ergo

339 2054 477 2135 respexit
513 2054 644 2118 Petrum
678 2054 825 2118 domiuus
857 2053 938 2117 facie
975 2054 1150 2135 corporali?
1187 2058 1378 2138 quapropter
1411 2052 1477 2117 mihi

340 2158 469 2223 uidetur
490 2159 547 2223 illa
569 2159 724 2241 respectio
750 2159 907 2223 diuinitus
929 2159 1024 2235 facta,
1044 2164 1081 2223 ut
1099 2160 1128 2223 ei
1148 2160 1271 2224 ueniret
1288 2161 1321 2225 in
1340 2166 1476 2232 mentem,
1493 2182 1509 2217 s

340 2264 485 2346 quotiens
509 2266 572 2329 iam
595 2270 745 2349 negasset
768 2270 799 2329 et
824 2264 900 2348 quid
924 2266 952 2329 ei
977 2264 1124 2329 dominus
1149 2266 1367 2349 praedixisset,
1386 2265 1476 2345 adque

337 2371 384 2433 ita
426 2370 671 2435 misericorditer
712 2371 838 2436 domino
883 2372 1072 2455 respiciente
1117 2372 1292 2454 paeniteret
1338 2391 1407 2435 eum
1449 2373 1476 2432 et

338 2477 509 2542 salubriter
535 2478 633 2543 fleret.
663 2478 747 2542 sicut
775 2478 891 2542 cotidie
920 2478 1057 2545 dicimus
1086 2478 1233 2557 ‘domina
1261 2480 1382 2561 respice
1410 2484 1474 2548 me,

339 2586 372 2647 et
399 2584 530 2666 ‘repexit
557 2604 629 2648 eum
659 2584 817 2649 dominus‘
846 2585 900 2666 qui
927 2585 966 2651 de
995 2586 1101 2668 aliquo
1129 2586 1271 2669 periculo
1299 2586 1353 2650 uel
1379 2585 1474 2649 labore

339 2689 449 2754 diuina
472 2690 688 2755 misericordia
707 2691 860 2756 liberatus
880 2695 940 2770 est,
961 2696 993 2757 et
1011 2693 1096 2761 sicut
1113 2692 1235 2757 dictum
1254 2697 1317 2757 est:
1341 2692 1474 2773 respice
1489 2715 1509 2753 a

338 2799 375 2859 et
399 2797 532 2861 exaudi
560 2818 626 2874 me,
653 2801 701 2862 et:
732 2804 965 2867 conuertere.
995 2799 1151 2877 domine,
1180 2800 1300 2864 libera
1328 2799 1472 2863 animam

307 2961 310 2967 .
337 2922 468 2982 meam,
491 2905 538 2968 ita
561 2904 684 2969 dictum
708 2906 854 2969 arbitror:
884 2924 1088 2971 conuersus
1118 2905 1289 2971 dominus
1318 2903 1474 2987 respexit

338 3011 487 3076 Petrum
513 3015 549 3075 et
567 3012 790 3077 recordatus
816 3016 874 3076 est
893 3012 1028 3077 Petrus
1046 3014 1153 3077 uerbi
1172 3013 1325 3103 domini.
1351 3012 1472 3092 denique

336 3135 409 3180 cum
437 3116 634 3199 frequentius
663 3119 786 3183 soleant
814 3118 845 3181 in
873 3118 1107 3183 narrationibus
1136 3120 1203 3183 suis
1233 3138 1349 3201 ponere
1376 3120 1470 3183 lesum

336 3242 430 3305 quarn
459 3223 634 3301 dominum,
662 3224 756 3288 modo
785 3225 888 3289 Lucas
917 3224 1079 3289 dominum
1107 3226 1214 3306 posuit
1247 3225 1370 3290 dicens:
1403 3244 1470 3289 con·
1488 3246 1508 3285 a

335 3349 472 3395 uersus
506 3330 680 3395 dominus
712 3331 880 3412 respexit
912 3330 1063 3394 Petrum
1096 3334 1133 3393 et
1164 3331 1388 3396 recordatus
1423 3331 1471 3393 est

423 3540 439 3593 8
457 3538 540 3595 Maro.
561 3537 604 3601 14,
623 3537 694 3600 66θ;
716 3536 815 3591 Matth.
834 3537 878 3600 26,
896 3538 959 3591 dia
1021 3537 1057 3591 20
1075 3537 1119 3591 Ρθ.
1141 3538 1183 3606 12,
1201 3540 1219 3591 4
1286 3540 1320 3592 21
1342 3541 1399 3597 *Ps
1418 3543 1440 3602 6,
1457 3539 1470 3588 5

333 3628 370 3680 22
388 3627 453 3681 Luc.
471 3628 515 3690 22,
535 3628 596 3682 dle

371 3750 384 3802 1
406 3751 463 3803 eius
482 3765 533 3802 om.
557 3750 606 3803 GP
712 3749 859 3803 caederunt
883 3752 910 3817 (a
934 3766 1005 3805 cros.
1028 3751 1066 3818 Α)
1087 3750 1112 3805 0
1126 3752 1162 3819 A,
1185 3750 1315 3805 cederunt
1332 3751 1399 3806 Pm
1414 3748 1472 3805 E¹L

333 3838 406 3906 2ei]
428 3838 485 3890 eius
499 3854 569 3905 peu
616 3839 780 3906 4sequ0tus
799 3838 826 3891 B
890 3843 999 3893 secutus
1019 3843 1061 3893 est
1079 3841 1266 3895 narrat...ut
1284 3841 1373 3894 animo
1391 3839 1472 3908 (infra
1552 3819 1553 3886 i

333 3928 402 3986 eoa,
428 3927 599 3993 12...305,
624 3929 669 3992 11)
697 3926 754 3987 01²,
788 3925 1034 3994 dicens..f.1ae‚
1059 3927 1076 3979 ι.
1100 3931 1133 3980 11
1158 3925 1188 3990 0,
1211 3945 1241 3996 p.
1265 3930 1331 3992 ree,
1356 3930 1373 3983 ι.
1397 3924 1474 3983 err>
1552 3921 1553 3986 l

331 4013 360 4065 in
378 4029 429 4065 om.
449 4012 544 4067 Ama
617 4014 679 4067 lin
699 4015 896 4083 superioribus]
911 4015 976 4071 add.
991 4015 1062 4069 inB
1133 4017 1201 4070 9eo
1221 4032 1273 4071 om.
1291 4016 1340 4084 131,
1358 4018 1386 4071 in
1404 4011 1472 4080 eoQ
1552 4019 1553 4098 1

332 4100 366 4154 10
385 4102 460 4170 uero]
481 4104 570 4155 autern
590 4101 618 4155 R
690 4102 879 4157 ostenditurr
926 4105 959 4157 12
978 4103 1026 4157 sed
1045 4120 1067 4157 e.
1086 4104 1105 4157 i.
1125 4120 1214 4174 super.
1232 4122 1284 4160 ono.
1304 4105 1344 4160 Β1
1388 4106 1418 4158 19
1436 4103 1470 4155 la·
1552 4147 1553 4152 θ

331 4206 395 4242 uere
414 4188 454 4241 B1
543 4190 575 4243 21
596 4190 695 4260 libera]
716 4195 744 4245 et
763 4192 851 4245 libera
868 4194 991 4247 raclio
1009 4193 1049 4261 (et
1068 4195 1142 4263 eripe
1160 4194 1186 4264 v)
1275 4196 1311 4248 24
1330 4195 1430 4249 soleant
1446 4194 1470 4253 (n

329 4282 401 4345 cosp.)
419 4278 459 4340 N,
477 4280 584 4333 soleant
603 4280 790 4347 euangelistae
811 4283 898 4335 rael
964 4282 1257 4352 ponere]·respondere
1275 4283 1315 4337 13²
1380 4279 1468 4346 iesum]
1552 4273 1553 4316 f

330 4367 408 4420 deum
428 4367 461 4421 N
512 4368 545 4420 25
565 4368 656 4438 modo]
677 4369 812 4438 quomodo
832 4369 946 4425 HAEL
