3184 5234
381 473 423 526 dc
451 490 551 528 cons.
579 490 674 527 enan
686 491 712 543 g.
735 474 782 527 lib.
802 474 852 527 ΙΙΙ.
873 491 929 543 cap.
949 474 1021 528 XXV
1216 478 1280 542 379

136 669 247 750 utique
279 689 340 734 nen
373 670 548 744 credentes,
582 669 663 734 unde
696 688 807 733 uerum
842 669 1003 751 estquod
1030 669 1157 734 Marcus
1186 670 1278 734 dicit:

137 794 205 840 nee
228 776 319 840 illis
344 775 619 841 crediderunt.
652 773 702 839 his
728 794 802 858 ergo
826 775 899 852 iam,
926 775 1011 840 siout
1039 775 1166 839 Marcus
1192 775 1279 853 dicit,

136 881 409 946 discumbentibus
435 886 466 946 ct
489 881 592 946 adhuc
616 881 699 959 inde,
729 882 813 946 sicut
835 882 939 946 Lucas
964 882 1052 960 dicit,
1075 882 1280 964 loquentibus

136 989 225 1053 stetit
242 987 402 1055 inmodio
427 1006 536 1052 eorum
555 989 703 1052 dominns
728 993 760 1054 et
784 987 829 1052 ait
850 987 931 1053 illis:
956 1008 1030 1071 pax
1053 988 1279 1067 uobiscum,

106 1095 219 1160 ssieut
245 1096 348 1159 Lucas
377 1098 409 1158 et
435 1094 601 1159 Iohannes.
624 1094 707 1159 feres
733 1096 839 1158 autem
865 1094 990 1158 clausae
1016 1099 1115 1166 erant.
1145 1113 1217 1159 eum
1241 1096 1280 1160 ad

135 1222 188 1266 eos
211 1203 353 1279 intrauit,
379 1201 463 1284 quod
487 1203 576 1266 solus
601 1201 758 1265 lebannes
783 1205 1017 1266 commemorat.
1040 1201 1146 1266 uerbis
1171 1202 1278 1284 itaque

134 1309 262 1386 demini,
283 1328 362 1390 quae
376 1311 452 1372 tunc
472 1327 544 1372 eum
561 1308 705 1375 locutum
723 1327 794 1372 esse
815 1306 980 1390 discipulis
995 1309 1097 1373 Lucas
1112 1308 1279 1372 Iohannes-

135 1435 194 1497 que
218 1416 372 1493 dixerunt,
400 1414 613 1497 interponitur
636 1418 669 1478 et
690 1415 747 1478 illa
771 1415 980 1498 exprobratio,
1006 1416 1043 1480 de
1068 1433 1129 1496 qua
1152 1415 1278 1480 Marcus

133 1521 221 1598 dicit,
246 1521 330 1603 quod
350 1540 411 1585 non
432 1519 623 1585 crediderint
647 1520 692 1585 eis
718 1520 772 1602 qui
796 1540 868 1584 eum
892 1520 1099 1585 resurrexisse
1124 1521 1278 1586 uiderant.

90 1651 117 1689 ro
178 1627 240 1692 Sed
269 1627 328 1690 boe
357 1645 467 1690 rursus
496 1630 615 1702 mouet,
646 1626 804 1709 quomedo
835 1626 1108 1692 discumbentibus
1133 1627 1279 1692 undecim
1304 1625 1345 1689 76

134 1735 211 1798 dicit
241 1732 427 1816 apparuisse
460 1733 599 1809 Marcus,
633 1734 661 1797 si
693 1734 774 1798 illud
806 1739 933 1814 tempus
963 1739 1012 1798 est
1041 1734 1102 1798 diei
1131 1734 1279 1799 dominici

133 1841 196 1904 iam
216 1841 318 1904 noctis
336 1839 438 1917 initio,
459 1839 544 1922 qnod
563 1840 665 1904 buces
685 1841 904 1922 lohannesqnc
928 1841 1147 1906 meminerunt.
1173 1846 1279 1924 aperte

135 1947 249 2029 quippe
282 1947 436 2011 lohannes
469 1947 548 2011 dicit
580 1966 639 2011 non
674 1966 746 2011 curn
781 1947 827 2012 eis
861 1951 936 2012 tunc
968 1948 1068 2012 fuisse
1100 1948 1278 2030 apostolum

133 2054 296 2129 Theman,
326 2072 420 2135 quem
444 2053 603 2117 eredimus
628 2054 729 2119 exisse
754 2054 837 2131 inde,
864 2059 1035 2136 antequam
1065 2055 1211 2119 dominus
1240 2056 1280 2120 ad

89 2181 114 2220 15
134 2179 187 2224 eos
214 2161 356 2235 intraret,
384 2162 591 2242 posteaquam
619 2159 667 2223 illi
695 2160 758 2224 duo
786 2159 953 2226 redeuntes
985 2161 1022 2224 de
1052 2161 1278 2226 castellucum

133 2266 211 2347 ipsis
232 2265 378 2330 undecim
398 2266 560 2330 conlocuti
579 2269 664 2344 sunt,
689 2266 773 2330 sicut
798 2270 873 2348 aput
892 2267 1010 2331 Lucam
1030 2267 1198 2332 inuenitur.
1223 2268 1279 2332 sed

134 2373 237 2436 Lucas
255 2372 288 2435 in
312 2390 370 2435 sna
393 2371 570 2436 narratione
595 2371 649 2435 dat
671 2373 788 2445 locum,
814 2392 875 2453 quo
900 2371 1002 2454 possit
1025 2372 1178 2456 intellegi,
1203 2373 1277 2437 dum

134 2481 212 2544 haec
226 2479 441 2560 loquerentur,
457 2478 545 2559 prius
560 2477 634 2540 inde
649 2477 750 2542 exisse
765 2477 920 2542 Thomam
936 2482 967 2540 et
986 2483 1098 2560 postea
1117 2479 1277 2543 dominum

133 2587 277 2650 intrasse.
301 2583 430 2648 Marcus
454 2586 572 2659 autem,
596 2584 650 2665 qui
675 2583 766 2648 dicit:
791 2584 1019 2648 nouissime
1052 2586 1279 2650 recumben-

88 2714 115 2754 eo
133 2692 249 2756 tibus
268 2691 359 2754 illis
380 2689 567 2754 undecim
587 2690 789 2772 apparuit,
810 2689 904 2753 etiarn
920 2690 1075 2754 Thomam
1092 2691 1159 2754 illie
1179 2691 1279 2756 fuisse

133 2799 221 2882 cogit
248 2797 348 2862 fateri.
376 2796 437 2860 nisi
465 2797 545 2860 forte
574 2797 721 2878 quamuis
749 2815 812 2860 uno
841 2797 970 2861 absente
999 2797 1145 2862 undecim
1173 2800 1278 2862 tamen

133 2905 238 2970 uoluit
275 2903 444 2987 appellare,
483 2904 556 2984 quia
590 2902 698 2967 eadem
731 2905 808 2966 tunc
842 2902 1018 2986 apostolica
1051 2903 1187 2968 societas
1220 2905 1279 2969 boc

132 3031 264 3076 numero
301 3009 552 3092 nuncupabatur,
591 3014 759 3094 antequam
793 3010 947 3074 Matthias
980 3010 1011 3074 iu
1045 3012 1151 3076 locum
1182 3011 1279 3076 Iudae

131 3119 370 3200 subrogaretur.
399 3118 454 3180 aut
482 3116 510 3179 si
538 3116 597 3180 hoc
627 3116 740 3179 durum
769 3117 818 3178 est
842 3115 887 3178 sio
917 3115 1068 3198 accipere,
1097 3115 1177 3180 illud
1206 3135 1278 3199 erge

83 3248 113 3286 2⁵
133 3224 340 3306 accipiemus,
377 3226 451 3304 pest
487 3223 605 3286 multas
639 3221 923 3286 demonstrationes
957 3223 1037 3299 eins,
1076 3223 1191 3304 quibus
1225 3242 1280 3305 per

132 3332 202 3396 dies
218 3331 425 3413 quadraginta
440 3330 606 3412 discipulis
621 3332 841 3411 praesentatus
858 3337 916 3406 est,
938 3349 1008 3392 eum
1030 3329 1125 3392 etiam
1145 3329 1280 3394 nouissi-

224 3541 239 3591 2
258 3539 340 3594 Marc.
362 3540 403 3607 16,
424 3539 456 3592 13
557 3537 625 3592 361.
645 3538 726 3592 Marc.
748 3539 788 3600 16,
812 3539 843 3591 14
942 3537 1056 3590 4111166.
1076 3538 1121 3602 24,
1139 3538 1186 3600 36;
1206 3537 1279 3590 *Iob

133 3629 176 3690 20,
197 3629 231 3680 26
270 3630 301 3681 11
323 3628 451 3685 cillere.
469 3629 570 3696 16,14;
587 3628 620 3682 61.
636 3628 699 3681 Luc.
715 3629 757 3688 24,
771 3629 817 3689 29;
834 3628 880 3690 36;
899 3627 931 3680 cf.
947 3627 1004 3680 Ioh.
1020 3627 1063 3692 20,
1081 3627 1112 3714 19
1153 3628 1183 3680 19
1198 3627 1279 3682 Marc.

134 3719 232 3783 16,14
287 3717 457 3770 2361161.
479 3718 555 3780 1‚26

167 3844 185 3895 4
204 3841 355 3910 nobiscum]
375 3841 454 3897 uobis
472 3841 505 3896 8¹
524 3844 585 3913 χψω
605 3843 750 3896 reclino
769 3843 815 3909 (cf.
833 3843 935 3909 supra)
989 3841 1005 3892 ὀ
1025 3841 1106 3908 sicut]
1127 3841 1192 3894 add.
1210 3840 1279 3894 refe·

132 3933 197 3984 mut
220 3931 251 3994 V,
272 3931 337 3985 add,
357 3931 452 3986 dicunt
468 3934 531 4004 χψω
549 3932 638 3986 ruet
745 3930 888 4000 iohannes]
915 3930 979 3983 odd.
1005 3934 1215 3984 commemorant
1233 3931 1280 3992 13²,

132 4018 200 4073 cdd.
221 4018 314 4072 dicunt
327 4035 375 4088 pp
438 4020 455 4072 6
473 4019 663 4073 introintrauit
681 4019 709 4070 B
773 4020 787 4070 1
809 4019 917 4072 locutus
938 4017 987 4072 GP
1057 4018 1188 4074 iohannes
1208 4017 1281 4071 dixe·

132 4111 225 4178 rnntq.
243 4106 282 4161 B¹
348 4109 379 4162 11
400 4108 479 4177 dicit]
501 4109 540 4162 ait
558 4108 672 4162 HAEL
689 4129 704 4179 γ
778 4108 946 4177 apparuisse]
968 4107 1105 4160 dominnm
1125 4107 1281 4177 apparuisse

138 4195 165 4246 V
182 4197 194 4250 1
201 4213 228 4250 m
320 4198 353 4250 14
371 4196 477 4251 611666
495 4197 619 4251 dominus
637 4196 696 4250 RD
787 4197 820 4249 18
845 4196 990 4265 loquentur
1008 4197 1035 4248 B
1142 4196 1235 4249 thorno
1254 4196 1281 4247 B

134 4285 168 4338 21
194 4287 345 4356 eogitatB
453 4287 506 4339 nisi
529 4285 599 4338 forte
624 4303 675 4339 om.
694 4286 732 4337 ΒῙ
838 4286 872 4336 22
896 4285 956 4353 hoe]
982 4301 1012 4338 ao
1032 4285 1060 4336 B
1163 4283 1197 4336 26
1216 4283 1280 4336 ·XL·

134 4373 219 4428 HEL
493 4401 496 4406 ·
