3184 5234
503 559 504 562 Ἴ
623 496 841 550 Praelatio.
1248 499 1309 564 VH

158 695 264 756 tamen
292 692 461 758 nonnullos
490 689 594 755 adhuc
623 688 829 755 calumniosis
858 689 1130 773 disputationibus
1159 692 1226 758 suis
1254 693 1309 758 uel

158 797 362 863 retardabant
390 816 408 862 a
435 796 497 862 tide
514 845 521 860 .
538 849 544 861 .
559 797 613 860 uel
643 796 707 860 iam
741 797 905 862 credentes
921 847 927 860 .
945 847 951 861 .
968 799 1153 883 exagitando
1186 803 1309 879 pertur-

157 904 296 970 babant’.
330 903 535 986 quamobrem
566 902 780 988 Augustinus,
814 922 887 968 cum
920 923 974 968 eos
1010 905 1212 991 intellegeret
1248 907 1309 974 hoc

158 1011 294 1074 manime
322 1009 456 1089 obicere,
485 1009 570 1091 quod
597 1008 660 1093 ipsi
689 1009 907 1094 euangelistae
929 1010 1012 1076 inter
1034 1031 1068 1076 se
1092 1011 1308 1089 dissentirent,

158 1121 286 1200 argutas
328 1135 437 1182 eornm
475 1116 710 1182 criminationes
748 1119 856 1182 contra
892 1118 1057 1201 euangelia
1088 1118 1231 1184 refellere
1263 1118 1309 1182 ita

157 1223 309 1301 decreuit,
332 1227 370 1290 ut
387 1242 549 1288 sacrorum
568 1223 759 1313 scriptorum
778 1223 810 1286 in
829 1224 976 1288 omnihus
1000 1225 1095 1290 rebus
1118 1243 1308 1290 consensum

158 1328 396 1394 demonstraret.
422 1348 517 1410 quaro
540 1328 639 1394 libros
663 1328 702 1394 de
725 1329 867 1394 trinitate
889 1329 1090 1412 interponens
1108 1331 1216 1395 labore
1236 1349 1308 1394 con-

156 1436 245 1500 tinuo
268 1434 365 1500 libros
390 1437 541 1516 quattuor
559 1434 597 1500 de
617 1452 773 1500 consensu
792 1435 1060 1519 euangelistarnm
1084 1435 1222 1517 scripsit.
1246 1435 1307 1499 hoo

158 1561 248 1623 opus,
274 1541 359 1622 quod
381 1541 548 1606 Possidius
571 1541 603 1605 in
621 1540 761 1606 indiculo
780 1541 863 1606 inter
882 1559 976 1624 opera
994 1543 1146 1608 aduersus
1165 1560 1306 1626 paganos

159 1647 277 1730 scripta
311 1651 547 1726 commemorat,
579 1648 612 1712 in
645 1647 724 1713 dues
756 1650 863 1730 partes
900 1647 1040 1714 diuisum
1076 1651 1135 1728 est,
1173 1667 1307 1730 quarum

156 1753 243 1834 prior
274 1753 355 1819 libro
387 1753 488 1836 primo
522 1753 701 1818 continetur
733 1753 887 1818 aduersus
918 1754 992 1819 illos
1025 1754 1213 1836 conscripto,
1253 1754 1308 1835 qui

157 1863 320 1942 tamquam
349 1859 526 1943 sapientem
555 1859 716 1925 Christum
744 1860 900 1925 honorant
928 1863 960 1925 et
982 1860 1053 1925 ideo
1077 1862 1190 1925 nolunt
1214 1878 1307 1924 euan-

159 1967 251 2051 geliis
285 1966 420 2042 credere,
454 1967 528 2048 quia
559 1986 620 2031 non
650 1967 687 2030 ab
716 1967 786 2049 ipso
817 1967 933 2048 scripta
961 1972 1046 2045 sunt,
1075 1967 1131 2032 sod
1164 1966 1203 2031 ab
1237 1967 1307 2032 eius

159 2072 338 2154 discipulis,
364 2091 443 2154 qnos
469 2071 650 2136 existimant
674 2072 876 2137 diuinitatem
900 2072 929 2135 ei
952 2091 1054 2138 errore
1076 2072 1238 2136 tribuisse.

201 2178 237 2242 ln
252 2179 311 2242 hac
325 2179 428 2260 priore
444 2178 708 2244 commentatione
724 2178 826 2244 multa
840 2179 1041 2263 Augustinus
1056 2182 1088 2243 et
1101 2178 1306 2261 profanorum

157 2289 188 2349 ot
211 2285 499 2350 ecclesiasticorum
528 2289 694 2350 auctorum
723 2285 808 2350 dicta
835 2290 1062 2350 commemorat
1084 2287 1137 2350 nel
1165 2285 1304 2368 attingit,

155 2411 226 2458 nam
247 2395 284 2456 ut
306 2393 429 2466 taceam
453 2391 491 2455 de
516 2392 664 2466 Varrone,
685 2391 845 2470 Cicerone,
864 2393 975 2468 Ennio,
995 2393 1147 2476 Vergilio,
1168 2393 1304 2470 Lucano,

154 2499 298 2577 Platone,
317 2499 484 2564 nonnullas
503 2497 765 2580 philosophorum
786 2503 890 2564 sectas
904 2499 1104 2584 Pythagorae
1119 2498 1304 2580 Socratique

154 2604 297 2670 addictas
317 2605 417 2683 affert,
431 2605 621 2670 recentiores
640 2605 823 2670 Platonicos
842 2605 961 2682 laudat,
983 2625 999 2670 e
1020 2625 1155 2688 quorum
1173 2623 1304 2669 numero

150 2708 215 2774 ‘etsi
237 2711 449 2794 Porphyrium
468 2711 593 2776 nomine
614 2714 850 2789 commemorat,
868 2715 975 2776 tamen
995 2713 1089 2777 etiam
1109 2711 1189 2775 alios
1208 2711 1305 2775 huius

153 2817 293 2882 familiae
316 2818 474 2900 principes
497 2818 560 2882 iam
584 2821 654 2883 tum
680 2818 834 2900 temporis
861 2818 991 2883 nouisse
1014 2818 1151 2896 uidetur,
1175 2837 1248 2882 cum
1271 2819 1303 2881 in

152 2923 243 2988 libris
273 2923 514 2990 Confessionum
546 2928 623 2988 tunc
656 2925 844 3006 conscriptis
881 2926 1036 3007 quosdam
1067 2924 1303 2990 Platonicorum

152 3030 252 3094 libros
277 3049 313 3094 ex
337 3028 456 3096 Graeco
482 3049 624 3127 sermone
652 3029 684 3094 in
708 3029 857 3095 Latinum
881 3050 991 3096 uersos
1020 3050 1054 3095 se
1077 3031 1195 3114 legisse
1219 3030 1304 3094 dicat

154 3139 186 3201 et
207 3137 240 3200 in
259 3137 349 3202 libris
370 3138 407 3201 de
427 3137 558 3202 ciuitate
578 3137 629 3202 dei
647 3142 771 3220 praeter
789 3138 1000 3221 Porphyrium
1025 3138 1121 3203 etiam
1140 3137 1302 3202 Plotinum

154 3247 186 3308 et
208 3243 404 3324 Appuleium
426 3243 457 3306 in
482 3263 577 3308 usum
598 3263 692 3308 suum
712 3247 886 3309 conuertat.
910 3247 1005 3325 atque
1023 3244 1064 3308 ad
1082 3245 1162 3308 hano
1183 3248 1303 3307 sectam

152 3350 309 3431 pertinere
333 3350 427 3414 etiam
450 3350 589 3414 incertus
617 3350 671 3414 ille
694 3350 904 3433 philosophus
928 3351 1065 3431 uidetur,
1094 3351 1132 3415 de
1162 3369 1223 3431 quo
1248 3352 1301 3428 45,
1368 3419 1372 3426 ,

154 3460 173 3522 3
201 3457 280 3520 haec
308 3456 399 3522 dicit:
432 3457 548 3520 audiui
575 3455 730 3536 pecodum
758 3475 863 3520 eorum
892 3456 993 3520 dicere
1020 3477 1053 3520 se
1081 3456 1202 3536 legisse·
1215 3455 1304 3536 opud

153 3563 255 3628 occeio
287 3583 376 3643 qoem
403 3561 621 3643 philosophum
654 3561 736 3643 qood
767 3583 805 3626 eso
836 3565 880 3628 eis
913 3583 993 3643 poce
1023 3563 1137 3626 Iudaei
1168 3565 1204 3625 io
1235 3562 1303 3624 soris

153 3667 358 3733 accrementis
381 3674 508 3750 opereat
530 3667 731 3732 intellemisset
754 3689 843 3750 quem
861 3669 950 3734 deam
976 3669 1118 3733 colerem:
1136 3668 1302 3749 praeposi-

153 3779 226 3854 tum,
249 3777 362 3860 inquit,
386 3777 517 3838 istorum
536 3776 759 3855 eloooootorom,
782 3776 894 3860 quibos
915 3777 972 3840 isto
995 3775 1132 3839 risibilis
1150 3779 1178 3837 et
1196 3794 1300 3855 corpo-

153 3901 226 3945 reos
239 3881 377 3944 melodos
390 3886 546 3945 extructus
559 3886 614 3960 est,
635 3901 714 3964 quae
733 3883 840 3959 uerba,
861 3882 888 3946 si
907 3883 939 3946 in
955 3880 1110 3948 Graecum
1125 3900 1300 3945 sermonem

155 3986 299 4064 uerteris,
323 3986 383 4051 hoo
411 3988 475 4052 iere
498 3988 591 4053 modo
616 3988 785 4070 exprimas:
813 3991 866 4052 τὸν
889 3989 1065 4073 προστάτην
1087 3987 1212 4053 ἐκείνων
1239 3996 1300 4051 τῶν

157 4091 324 4178 στοιχείων,
338 4091 371 4170 ἐξ
390 4095 432 4157 ῶν
452 4095 467 4158 ὁ
488 4095 598 4178 ὁρατὸς
620 4097 674 4158 καὶ
698 4098 872 4180 σωματικὸς
894 4096 1013 4181 κόσμος
1036 4095 1299 4180 δεδημιούργηται.

157 4205 204 4264 ain
221 4200 348 4264 collatis
369 4200 425 4276 eis,
442 4219 522 4283 quae
538 4201 622 4282 apud
636 4201 812 4266 Eusebium
827 4221 935 4284 praep.
950 4222 1061 4286 euang.
1079 4205 1107 4282 7,
1124 4204 1163 4264 11
1181 4203 1300 4282 scripta

154 4305 302 4390 legimus,
326 4306 482 4388 suspicari
504 4306 581 4372 licet
602 4307 795 4374 Numenium
819 4309 919 4374 fuisse
942 4309 1042 4374 istum
1060 4308 1298 4390 philosophum,

155 4414 191 4475 ut
214 4411 310 4476 etiam
330 4411 493 4478 Theodoro
514 4411 669 4496 Gompern
689 4413 825 4479 uidetur.
849 4435 1042 4498 quamquam
1060 4416 1092 4480 in
1112 4413 1299 4498 fragmentis
