3184 5234
255 491 783 561 deconseuangelistarum
803 492 1193 563 lib.II.cap.XVIl-XVIII
1237 497 1298 561 141

144 707 222 759 cum
245 686 326 751 retia
349 686 509 751 extrahere
532 688 625 769 plena
647 706 708 753 nen
732 691 872 770 possent,
895 687 1054 770 simulque
1077 688 1209 753 miratos
1233 690 1300 752 tan·

143 798 212 858 tam
238 793 484 858 multitudinem
515 794 664 875 piscium,
697 813 778 877 quae
812 798 902 876 capta
935 798 1011 873 erat,
1040 798 1072 859 et
1100 814 1173 859 cum
1204 795 1299 859 Petro

143 905 272 965 tantum
292 900 438 965 dixisset:
462 900 547 965 noli
570 901 725 981 timere,
750 901 890 966 euhoe
914 901 1195 966 iamhomines
1221 902 1299 966 eris

145 1008 326 1090 capiens,
359 1007 457 1071 simul
489 1027 562 1071 eum
593 1011 701 1073 tamen
733 1007 901 1073 subductis
934 1009 973 1073 ad
1010 1012 1126 1073 terram
1163 1008 1299 1073 nauibus

110 1116 277 1178 esecutcs
301 1113 411 1179 fnisse.
436 1114 519 1178 unde
543 1114 794 1197 intellegendum
813 1117 863 1179 est
882 1115 940 1179 hcc
964 1114 1065 1198 prime
1090 1134 1159 1179 esse
1178 1116 1298 1180 factum

143 1219 233 1300 qued
259 1220 362 1284 Lucas
390 1220 542 1295 insinuat,
571 1239 628 1285 nee
655 1224 733 1285 tunc
765 1240 820 1285 ecs
854 1240 872 1285 a
907 1220 1033 1285 demine
1065 1225 1209 1297 necatos,
1243 1220 1298 1285 sed

142 1329 272 1390 tautum
290 1326 384 1391 Petro
408 1326 509 1391 luisse
533 1326 740 1409 praedictum,
761 1327 842 1408 qued
868 1328 1012 1392 hemines
1032 1332 1119 1393 esset
1137 1331 1297 1411 capturus.

143 1432 231 1513 qued
259 1451 320 1497 nen
349 1432 393 1497 ita
421 1432 543 1498 dictum
572 1436 632 1511 est,
661 1434 754 1517 quasi
781 1435 845 1498 iam
873 1436 977 1518 pisces
1006 1454 1181 1517 numquam
1211 1438 1298 1499 esset

143 1543 313 1620 capturum
345 1558 418 1603 nam
451 1543 483 1603 et
515 1544 590 1623 pest
626 1541 888 1605 resurrectionem
921 1540 1041 1605 demini
1072 1540 1210 1623 legimus
1243 1559 1297 1605 ees

96 1666 123 1705 ιο
144 1664 217 1709 eece
241 1646 392 1728 piscatos.
416 1646 538 1711 dictum
562 1651 612 1711 est
635 1665 720 1730 erge,
744 1647 830 1729 qued
857 1646 1004 1728 deinceps
1033 1648 1183 1729 capturus
1203 1651 1298 1711 esset

142 1754 306 1829 hemines;
329 1771 390 1817 nen
415 1752 537 1817 dictum
560 1756 620 1828 est,
641 1754 725 1835 qued
744 1754 808 1818 iam
826 1772 887 1818 non
907 1756 992 1817 esset
1013 1757 1162 1835 capturus
1181 1752 1296 1835 pisces.

141 1861 229 1923 unde
254 1859 348 1923 datur
363 1859 455 1925 locus
473 1860 660 1944 intellegere
680 1880 734 1925 ees
754 1861 794 1925 ad
812 1864 977 1941 capturam
996 1860 1132 1943 piscium
1152 1878 1188 1923 er
1213 1880 1296 1924 mere

141 1986 315 2054 remeasse,
340 1970 377 2031 ut
398 1970 512 2049 postea
533 1967 624 2032 fieret
647 1967 731 2050 qued
754 1967 920 2032 Mattheus
949 1970 981 2032 et
1004 1968 1131 2033 Marcus
1160 1974 1295 2043 narrant,

143 2073 271 2156 quande
296 2092 350 2137 ees
374 2074 465 2138 binos
488 2074 620 2138 uocauit
643 2077 675 2138 et
698 2074 766 2159 ipse
790 2074 895 2150 iussit,
922 2077 958 2137 ut
981 2093 1053 2137 eum
1078 2076 1294 2157 sequerentur,

95 2198 122 2238 ιε
142 2181 248 2263 prime
282 2180 406 2244 dnobus
434 2181 528 2245 Petro
562 2184 594 2245 et
625 2181 780 2258 Andreae,
813 2180 925 2245 deinde
958 2180 1029 2245 aliis
1063 2180 1187 2245 duobus
1219 2180 1295 2246 filiis

142 2286 312 2351 Zebedaei.
330 2290 407 2351 tnnc
427 2287 511 2351 enim
528 2306 590 2351 nen
609 2287 776 2352 subductis
795 2287 834 2352 ad
853 2290 968 2352 terram
983 2287 1117 2353 nauibus
1132 2291 1294 2368 tamquam

143 2412 221 2457 cura
247 2393 410 2472 redeundi,
439 2394 496 2458 sed
523 2394 568 2458 ita
596 2413 669 2459 eum
697 2395 799 2459 secuti
828 2396 912 2471 sunt,
937 2396 1100 2477 tamquam
1127 2396 1294 2457 necantem

142 2517 181 2563 ac
204 2499 380 2579 iubentem,
404 2503 442 2563 nt
464 2502 679 2581 sequerentur.

188 2606 307 2671 XVHI.
339 2605 426 2670 Illud
457 2607 553 2670 etiam
585 2606 810 2689 requirendum
843 2606 906 2683 est,
944 2606 1102 2689 quemodo
1138 2606 1294 2670 Iohannes
1318 2611 1360 2675 42

92 2729 120 2768 20
141 2713 354 2795 euangelista,
373 2716 544 2796 antequam
561 2713 717 2778 Iohannes
736 2713 877 2796 baptista
894 2713 1015 2778 missus
1035 2717 1121 2777 esset
1137 2713 1170 2777 in
1194 2730 1295 2777 carce·

140 2840 222 2897 rem,
255 2820 334 2883 dicit
364 2820 472 2884 Iesum
503 2820 569 2892 isse
604 2820 637 2884 in
671 2819 847 2887 Galilaeam
884 2857 928 2867 -
964 2824 1172 2903 posteaquam
1210 2819 1292 2885 enim

142 2926 418 3003 commemorauit,
442 2927 527 3007 qued
555 2928 586 2990 in
611 2927 695 2993 Cana
719 2926 881 2993 Galilaeae
904 2926 980 2991 fecit
1008 2926 1045 2990 de
1074 2946 1156 3009 aqua
1183 2927 1293 2991 uinum

141 3038 175 3097 et
194 3033 361 3097 descendit
375 3032 594 3114 Capharnaum
614 3053 687 3098 cnm
704 3037 805 3097 matre
824 3036 857 3097 et
875 3032 1041 3115 discipulis
1062 3038 1093 3097 et
1107 3034 1151 3098 ibi
1171 3053 1292 3097 manse-

158 3273 162 3281 '
233 3294 379 3357 annes,
401 3295 434 3347 rc
496 3293 744 3361 carneade
809 3296 842 3349 re
862 3294 895 3347 cr.
915 3294 972 3348 Ich.
995 3295 1017 3358 1,
1036 3295 1070 3348 aa
1126 3293 1291 3348 ascaron.

139 3382 392 3450 a,1-1e;3‚aa
867 3400 869 3406 s

159 3508 192 3565 ,l
214 3506 329 3559 miratur
348 3508 395 3574 13²,
413 3507 544 3560 mirantur
561 3505 601 3560 B²
646 3508 663 3561 3
682 3507 735 3560 iam
753 3506 887 3576 hemines]
907 3506 1038 3561 iuhannes
1057 3505 1106 3559 Β11
1141 3507 1157 3558 5
1176 3507 1291 3575 primum

144 3596 172 3648 V
242 3595 346 3649 factum
365 3612 424 3649 esse
442 3594 579 3649 AELSU
630 3597 737 3649 'Iesset
756 3599 883 3664 capturus
904 3598 975 3649 esset
994 3594 1033 3647 Β1
1092 3596 1191 3663 8ncn]
1210 3612 1245 3648 nc
1265 3596 1292 3649 B

137 3686 192 3753 ita]
213 3688 257 3738 eta
274 3685 310 3752 B,
327 3684 401 3737 idem
422 3684 478 3752 GP,
496 3683 558 3738 ideo
582 3684 608 3736 V
660 3700 719 3737 esse
737 3682 835 3738 Hm
872 3684 906 3737 10
924 3684 1073 3755 piscatores
1091 3684 1119 3737 B
1137 3682 1294 3738 Hamae

141 3774 175 3825 12
194 3771 320 3841 intellegi
340 3769 452 3826 A¹E²U
519 3776 667 3841 acaptare
687 3770 737 3825 GP
810 3772 841 3825 13
860 3788 977 3827 ramasse
995 3772 1032 3825 B¹
1104 3772 1137 3825 14
1156 3771 1234 3825 uince
1252 3770 1292 3823 B1

140 3862 173 3915 15
195 3858 416 3928 petre-duobus
436 3877 487 3916 em.
510 3858 543 3914 0¹
598 3860 670 3928 aliis]
691 3860 724 3913 ab
744 3860 787 3913 his
810 3859 872 3914 0²1³
925 3862 957 3913 16
977 3876 1029 3913 non
1049 3876 1100 3913 cm.
1120 3862 1147 3913 B
1197 3862 1228 3913 18
1249 3878 1290 3913 se-

138 3950 302 4018 querentur]
322 3966 382 4002 eum
402 3952 577 4017 sequerentur
600 3949 706 4003 OPVF
720 3949 757 4003 M
774 3949 834 4005 edd.
849 3955 995 4018 praeterr
1065 3950 1098 4002 19
1116 3950 1241 4003 iohannis
1260 3950 1294 4003 H

137 4024 172 4092 21
194 4038 280 4091 iesum
299 4054 351 4091 em.
371 4036 538 4107 AELSUq
609 4037 674 4106 isse]
695 4054 753 4090 esse
773 4038 800 4089 B
871 4042 1016 4107 postquam
1037 4037 1106 4091 enim
1126 4037 1176 4102 N²,
1195 4042 1291 4108 postea

138 4129 214 4181 enim
234 4144 314 4196 quam
332 4125 363 4179 F
378 4125 453 4180 E'U
466 4144 482 4194 γ
500 4126 559 4180 edd.
575 4131 723 4196 praeterp
837 4126 871 4178 22
897 4125 983 4179 chana
1006 4125 1031 4178 Τ
1051 4126 1078 4179 V
1093 4126 1135 4179 E²
1152 4147 1167 4198 γ
1184 4144 1289 4195 prae,

138 4234 227 4271 canan
258 4218 281 4271 O
305 4216 344 4284 H,
369 4217 474 4294 chanan
498 4216 556 4269 BD
583 4217 610 4270 P
643 4216 769 4287 ON¹MQ
796 4215 899 4283 AM,
924 4216 1012 4270 chana
1034 4216 1085 4280 N²,
1114 4218 1236 4281 chanaan
1254 4219 1289 4280 R,

137 4292 279 4373 canaaup
359 4305 427 4360 facit
445 4304 473 4359 R
558 4307 593 4359 23
613 4304 748 4359 discendit
768 4305 817 4358 ΟΡ
834 4302 868 4358 Η
936 4305 1131 4359 chafharnaum
1149 4305 1184 4369 B,
1204 4305 1289 4359 cafar-

136 4411 223 4449 naum
245 4394 322 4448 OPF
