3184 5234
284 379 1217 450 decons.euangelistarurnlib.ll.cap.XXX-XXX[
1257 383 1318 447 181

173 576 276 640 dicam
306 577 390 659 quod
417 577 522 642 animo
554 578 680 642 interim
712 577 850 642 occurrit
878 615 932 656 -‚
960 578 1108 660 quoniam
1139 581 1256 657 monet,
1285 581 1322 642 ut

173 701 247 749 non,
263 682 345 748 sciat
372 682 499 748 sinistra
527 684 611 765 quod
637 684 716 749 facit
742 684 859 761 dextra,
888 667 928 749 et
947 683 1033 765 ipsas
1063 685 1260 768 elemosynas
1289 687 1322 748 et

173 787 330 869 quidquid
351 787 418 852 illic
441 788 530 853 aliud
553 788 706 870 praecipit
728 788 862 873 figurate
886 789 1103 872 accipiendum
1125 793 1247 872 putare.

31 960 32 963 ,
218 893 301 958 Sane
323 913 433 960 rursus
457 894 620 973 admoneo,
640 894 725 977 quod
748 898 874 978 oportet
896 895 1078 960 meminisse
1101 895 1263 970 lectorem,
1282 915 1321 960 ne
1346 892 1386 955 77

31 1000 32 1033 ³
142 1001 232 1064 otnli
254 1000 467 1066 admonitione
490 1003 676 1084 saepissime
698 1003 851 1087 indigeat,
875 1004 946 1068 aliis
975 1004 1077 1085 adque
1105 1003 1176 1068 aliis
1206 1023 1322 1068 sermo·

171 1127 250 1172 num
278 1127 407 1172 suorum
434 1108 515 1174 locis
543 1108 707 1174 dominum
736 1108 801 1174 iam
833 1109 936 1175 multa
966 1111 1099 1175 iterasse
1131 1128 1211 1191 quae
1245 1110 1321 1173 alibi

172 1213 304 1292 dixerat,
322 1233 361 1278 ne
379 1214 460 1279 forte
478 1215 622 1297 ipsorum
639 1217 781 1280 locorum
802 1216 877 1282 ordo
894 1234 967 1282 cum
986 1235 1023 1280 ex
1042 1216 1103 1281 alio
1125 1216 1322 1300 euangelista

172 1339 234 1384 non
259 1321 452 1399 conuenerit,
474 1321 571 1386 alicui
590 1340 699 1387 eorum
722 1322 795 1387 hinc
819 1325 911 1404 putet
934 1341 1004 1388 esse
1028 1322 1228 1399 contrarium,
1248 1340 1321 1386 oum

31 1500 32 1511 χ
171 1427 358 1512 intellegere
390 1427 505 1493 debeat
535 1429 652 1492 iterum
685 1428 761 1493 alibi
794 1429 857 1493 dici
885 1428 969 1512 quod
1000 1429 1064 1494 iam
1093 1428 1168 1494 alibi
1201 1429 1322 1494 dictum

31 1540 32 1603 ξ
130 1558 155 1597 ro
173 1537 251 1610 erat,
275 1552 333 1598 nec
355 1537 481 1598 tantum
510 1533 548 1598 de
575 1533 682 1612 dictis,
706 1555 818 1600 uerum
847 1536 943 1600 etiam
970 1535 1009 1600 de
1036 1535 1129 1600 factis
1160 1536 1322 1601 obseruari

172 1634 297 1704 debere.
320 1640 400 1704 nihil
422 1639 506 1705 enim
534 1640 681 1723 prohibet
707 1641 768 1706 hoc
793 1641 878 1706 idem
902 1642 1018 1706 iterum
1041 1642 1161 1706 factum
1186 1642 1321 1707 credere.

172 1747 361 1810 calumniari
387 1749 495 1812 autem
523 1747 700 1831 euangelio,
729 1747 806 1812 dum
833 1767 894 1814 non
923 1747 1023 1813 credit
1053 1749 1170 1814 iterum
1202 1749 1322 1814 factum

173 1853 260 1933 quod
291 1853 407 1918 iterum
439 1851 506 1918 fieri
540 1873 602 1918 non
634 1854 779 1938 potuisse
816 1873 908 1920 nemo
947 1855 1115 1935 conuincil,
1149 1856 1321 1940 sacrilegae

31 2022 32 2039 ,
172 1959 326 2024 uanitatis
349 1964 408 2026 est.

130 2089 155 2129 rs
214 2066 334 2130 XXXI.
358 2065 511 2149 Sequitur
532 2067 696 2134 Mattheus
720 2071 753 2132 et
775 2068 867 2134 dicit:
900 2069 951 2133 ¹et
978 2069 1119 2134 lactum
1148 2073 1215 2147 est,
1241 2088 1321 2134 cum
1346 2065 1387 2127 78

31 2162 32 2245 l
173 2176 476 2240 consummasset
498 2174 606 2239 Iesus
629 2175 866 2258 praecipiens
893 2176 1091 2241 duodecim
1115 2176 1321 2259 discipulis

173 2280 255 2345 suis
280 2281 437 2345 transiit
459 2281 554 2360 inde,
574 2285 617 2345 ut
640 2282 792 2346 doceret
815 2287 852 2346 et
868 2283 1106 2366 praedicaret
1130 2282 1165 2346 in
1190 2283 1322 2347 ciuita-

172 2385 322 2449 tatibus
360 2405 497 2453 eorum.
536 2388 734 2454 ²Iohannes
771 2392 907 2467 autem,
946 2408 1026 2454 cum
1068 2388 1243 2454 audisset
1283 2389 1320 2453 in

173 2492 343 2556 uinculis
381 2512 493 2576 opera
526 2494 681 2571 Christi,
714 2494 870 2560 mittens
909 2496 1001 2561 duos
1034 2496 1076 2560 de
1114 2495 1320 2578 discipulis

132 2621 157 2664 ao
175 2598 255 2663 suis
281 2597 350 2663 ³ait
372 2600 448 2665 illi:
471 2604 512 2665 tu
537 2620 573 2666 es
604 2602 668 2683 qui
695 2604 880 2668 uenturus
910 2622 946 2666 es
979 2621 1023 2666 an
1052 2602 1167 2666 alium
1196 2621 1320 2685 expec-

263 2915 280 2966 2
305 2914 338 2968 cf.
360 2913 458 2969 nach.
483 2917 543 2984 6,3
599 2916 632 2971 15
651 2916 750 2969 Matth.
772 2916 902 2982 11,1-3
959 2917 993 2970 20
1013 2915 1046 2972 cf.
1067 2915 1102 2970 ib.
1125 2916 1212 2970 1-19

210 3126 392 3179 loccurrerit
408 3143 425 3195 9
498 3127 667 3197 quomodop
738 3129 832 3182 mouet
853 3125 913 3180 0¹1³
991 3125 1080 3179 2non
1099 3126 1148 3195 ac]
1168 3126 1321 3180 nesciatV

175 3213 246 3282 quod
273 3213 358 3267 faciet
384 3213 487 3276 AE1L,
516 3215 581 3284 quid
604 3216 662 3284 (qui
679 3215 738 3286 M1)
759 3215 843 3269 faciat
861 3216 897 3268 Μ
918 3214 990 3268 ΗΕ2
1016 3216 1150 3285 γρναί,
1169 3215 1240 3284 Eup.
1260 3215 1318 3270 cod.

183 3301 251 3370 Vol,
270 3300 342 3370 quod
360 3301 444 3355 faciat
462 3305 489 3373 ψ,
510 3304 575 3372 quid
592 3303 660 3356 lacit
675 3319 693 3372 9
751 3302 861 3356 dextera
879 3302 955 3356 FN
968 3319 1067 3372 pyra
1128 3306 1155 3356 et
1170 3319 1214 3370 pr.
1235 3319 1319 3356 om.e

175 3390 246 3460 ipsas
264 3408 317 3444 ooo.
336 3390 429 3444 A¹EL
448 3408 461 3445 e
546 3391 724 3444 aelemosinas
742 3391 776 3458 L,
796 3391 957 3444 elemosinas
976 3390 1039 3445 ΕΤ·
1054 3389 1107 3444 VF
1126 3390 1193 3444 ΝΜ
1209 3411 1222 3460 p
1240 3407 1318 3460 pro,

176 3477 336 3546 elymosinas
353 3478 409 3547 GP,
424 3479 607 3548 eleemosynae
626 3479 678 3546 lm,
697 3479 726 3530 in
745 3479 921 3547 eleemosynis
940 3495 953 3531 e
1008 3480 1036 3530 et
1056 3479 1104 3532 alt.
1124 3494 1174 3532 orn.
1194 3476 1319 3530 HAE¹L

176 3567 191 3618 3
210 3567 340 3636 quicquid
357 3566 437 3620 CPF
446 3567 535 3638 NMQ
548 3566 630 3621 ΑΕΒ
683 3567 847 3638 praecipitur
864 3565 941 3620 OPF
952 3583 973 3634 p
982 3567 1027 3634 ol,
1046 3568 1186 3636 praecepit
1204 3565 1317 3633 HELp

176 3656 293 3724 figurata
311 3673 377 3724 cap
422 3657 508 3710 4nec
526 3656 609 3710 aliam
627 3657 849 3710 ammonitionem
867 3655 895 3708 B
940 3654 1079 3709 ddomini
1097 3655 1210 3708 HAEL
1264 3657 1318 3708 iam

176 3751 239 3798 octe
257 3744 362 3797 dixerat
385 3745 497 3798 Velm
537 3746 553 3797 7
573 3745 642 3814 cnm]
662 3762 722 3798 cum
742 3745 786 3798 uel
804 3745 862 3798 rel
898 3745 914 3797 8
934 3743 1063 3798 conuenit
1080 3743 1153 3813 Eup.
1173 3743 1232 3799 cod.
1256 3743 1317 3798 Vol.

177 3832 208 3884 10
222 3832 366 3887 obseruare
377 3831 462 3900 N¹M,
480 3833 508 3886 id
523 3833 667 3887 obseruare
686 3834 713 3886 V
751 3834 783 3885 12
800 3832 962 3887 calumniare
981 3832 1014 3885 Η
1027 3849 1045 3900 p
1104 3832 1202 3884 iterum
1217 3832 1319 3887 factum

176 3920 246 3989 quod
263 3937 316 3975 om.
334 3920 451 3990 Anno
507 3923 539 3975 13
559 3920 631 3990 quod
649 3939 670 3978 a.
691 3923 709 3975 7.
728 3921 770 3973 E²
824 3921 858 3972 14
877 3920 930 3988 est]
948 3919 1012 3986 finit
1029 3919 1101 3988 Eup.
1121 3920 1191 3974 Eone.
1211 3922 1319 3974 lelium

177 4009 208 4061 15
225 4010 314 4062 XXXI
335 4015 402 4077 poet
424 4008 493 4063 dicit
515 4010 597 4065 ΑΕΒ
620 4018 646 4064 et
667 4010 708 4064 cic
729 4011 809 4078 infra
831 4027 906 4064 ouon.
934 4024 994 4077 cap.
1023 4017 1087 4064 cote
1109 4009 1195 4064 uerba
1221 4026 1243 4064 s.
1266 4025 1317 4064 scr.

177 4098 207 4150 16
225 4099 310 4168 iesus]
331 4098 397 4152 add.
416 4098 500 4153 uerba
517 4099 602 4153 hecr
707 4099 760 4152 ΧΗ
777 4099 836 4154 ΕΤ
943 4101 974 4154 17
993 4100 1134 4166 transito,
1158 4098 1320 4152 transiuitr

178 4187 208 4239 18
224 4184 352 4241 iohannis
373 4185 435 4240 ΟΨ
490 4188 522 4240 19
542 4186 594 4240 duo
613 4187 647 4239 H
693 4188 728 4242 20
747 4187 802 4240 illis
821 4187 848 4240 B
866 4187 910 4241 Μι
984 4189 1031 4256 qui
1050 4190 1179 4240 uenturus
1197 4189 1258 4253 (orn.
1280 4190 1318 4251 es)

175 4275 210 4328 M
224 4275 249 4344 (ὁ
268 4274 422 4348 ἐρχόμενος)
