3184 5234
281 400 1195 472 deconsensueuangelistarumlib.ll.cap.XXl'
1249 405 1310 467 161

161 598 459 664 summiserunt
494 596 612 661 illum
651 615 737 661 eum
779 596 885 661 leeto
928 596 1181 668 inmedium
1220 602 1312 661 ante

161 708 308 770 Iesum.
333 705 529 787 ²⁰quorum
548 701 671 767 fidem
690 707 733 767 ut
752 702 870 780 uidit,
891 702 1008 767 dixit:
1030 703 1155 781 homo,
1176 703 1312 768 dimit·

162 816 309 877 tuntur
327 810 406 875 tibi
424 813 594 893 peecata
611 812 692 887 tua,
712 813 745 873 et
763 812 878 874 cetera.
897 812 1039 874 remanet
1056 809 1155 892 igitur
1168 810 1312 892 quaestio

160 919 247 983 inter
259 918 404 982 Marsum
423 919 456 982 et
467 915 657 994 Mattheum,
674 915 757 998 quod
771 914 935 979 Mattheus
952 914 997 980 ita
1012 917 1133 997 scribit,
1150 918 1312 998 tamquam

127 1024 195 1088 ein
224 1024 354 1089 ciuitate
382 1022 501 1087 domini
523 1024 643 1087 fautum
667 1022 719 1099 sit,
743 1022 872 1086 Marsus
896 1026 1002 1088 eutem
1026 1022 1057 1087 in
1083 1021 1311 1107 Capharuaum.

162 1150 244 1213 quae
268 1129 430 1193 difficilius
453 1129 642 1207 solueretur,
666 1129 694 1193 si
717 1129 881 1193 Mattheus
911 1129 1006 1193 etiam
1029 1128 1186 1194 Nazareth
1214 1130 1313 1195 nomi-

39 1294 51 1317 ,
161 1240 260 1302 naret.
279 1254 361 1301 nune
379 1254 455 1299 uero
474 1254 548 1299 eum
566 1234 707 1317 potuerit
723 1235 796 1317 ipsa
811 1234 954 1300 Galilaea
973 1235 1034 1301 diei
1054 1235 1168 1301 eiuitas
1184 1235 1312 1313 Christi,

162 1344 238 1427 quia
260 1343 292 1407 in
318 1342 461 1407 Galilaea
484 1344 550 1406 erat
568 1342 735 1419 Nazareth,
755 1343 839 1406 sieut
861 1342 1048 1407 uniuersum
1066 1361 1196 1426 regnum
1216 1344 1248 1406 in
1265 1345 1314 1407 tot

161 1449 350 1515 ciuitatibus
375 1448 584 1513 coustitutum
604 1448 721 1513 dieitur
738 1448 880 1512 Romana
904 1449 1028 1525 emitae,
1054 1468 1190 1533 eumque
1209 1450 1240 1513 in
1264 1452 1313 1515 tot

118 1580 144 1617 ιο
163 1557 315 1642 gentibus
339 1556 514 1621 constituta
537 1556 580 1621 sit
603 1556 729 1632 ciuitas,
754 1555 792 1618 de
817 1574 879 1636 qua
903 1556 1141 1638 scriptumest:
1166 1555 1312 1639 glorio-

163 1665 334 1729 sissima
362 1663 473 1727 dieta
501 1666 595 1727 sunt
624 1662 669 1727 de
697 1665 744 1736 te,
775 1662 929 1727 ciuitas
958 1662 1031 1737 dei,
1061 1665 1093 1727 et
1125 1682 1197 1727 eum
1229 1662 1314 1744 prior

162 1773 232 1856 ipse
255 1770 394 1853 populus
414 1769 464 1833 dei
487 1769 518 1831 in
543 1772 593 1832 tot
616 1768 803 1833 ciuitatibus
828 1768 974 1833 habitans
999 1768 1095 1833 etiam
1119 1789 1180 1833 una
1200 1770 1312 1833 domus

163 1880 270 1944 dietus
296 1877 347 1953 sit,
372 1877 486 1940 domus
510 1876 642 1951 Israhel,
667 1875 738 1957 quis
764 1875 959 1939 dubitauerit
977 1875 1008 1939 in
1028 1876 1158 1941 eiuitate
1178 1896 1235 1940 sua
1253 1876 1312 1940 hoe

162 1986 279 2050 fecisse
295 1985 414 2061 Iesum,
433 2002 506 2046 eum
526 1982 586 2047 hoe
605 1982 715 2046 feeerit
732 1982 763 2045 in
784 1982 916 2045 claritate
937 1980 1166 2064 Gaphamaum,
1183 1983 1314 2047 ciuitate

121 2111 145 2149 ιδ
165 2092 339 2167 Galilaeae,
363 2110 425 2171 quo
448 2089 679 2154 transfretando
703 2088 840 2153 redierat
863 2088 901 2173 ele
924 2088 1051 2173 regione
1072 2088 1313 2167 Gerasenorum,

164 2202 200 2263 ut
222 2197 355 2262 ueniens
382 2197 413 2260 in
438 2194 613 2261 Galilaeam
641 2198 725 2259 reete
754 2194 911 2258 diceretur·
938 2195 1064 2258 uenisse
1093 2194 1123 2257 in
1149 2196 1312 2260 ciuitatem

165 2325 265 2381 suam,
289 2305 321 2367 in
350 2321 552 2385 quocumque
580 2300 695 2384 oppido
724 2304 810 2364 esset
834 2300 1003 2379 Galilaeae,
1027 2302 1212 2381 praesertim
1240 2302 1314 2384 quia

164 2415 195 2475 et
222 2412 295 2493 ipsa
323 2409 541 2492 Caphamaum
568 2409 614 2471 ita
643 2407 817 2471 excellebat
843 2408 875 2470 in
905 2406 1056 2484 Galilaea,
1085 2410 1122 2471 ut
1151 2411 1312 2489 tamquam

164 2517 349 2600 metropolis
378 2516 567 2580 haberetur?
596 2514 679 2595 quod
712 2513 740 2577 si
772 2532 900 2594 prorsus
935 2533 994 2577 non
1016 2510 1139 2577 ¹liceret
1171 2516 1313 2597 accipere

120 2644 146 2682 ao
165 2625 329 2689 ciuitatem
355 2621 472 2687 Christi
496 2621 550 2684 uel
572 2620 675 2700 ipsam
700 2618 885 2696 Galilaeam,
910 2620 941 2683 in
967 2640 1029 2701 que
1057 2623 1123 2683 erat
1146 2619 1312 2695 Nazareth,

165 2732 215 2795 uel
238 2731 340 2814 ipsam
362 2728 591 2811 capharnaum,
613 2745 691 2808 quae
717 2726 801 2790 sieut
825 2730 921 2808 eaput
941 2725 1100 2790 Galilaeae
1126 2726 1312 2791 ciuitatibus

165 2836 332 2912 eminebat,
353 2835 529 2898 dieeremns
549 2832 728 2896 Mattheum
748 2832 1000 2913 praetermisisse
1020 2851 1099 2913 quae
1120 2835 1210 2915 gesta
1228 2836 1312 2906 sunt,

253 3028 286 3080 10
305 3026 350 3079 Pe.
371 3024 414 3087 86,
433 3026 449 3078 3
511 3026 544 3078 13
564 3024 597 3078 el.
617 3024 689 3081 Esai.
709 3026 733 3087 5,
753 3025 782 3087 7;
803 3024 919 3075 Hieram.
940 3024 966 3089 3,
985 3024 1031 3087 203
1053 3023 1149 3075 Ezech.
1170 3024 1195 3090 3,
1213 3025 1231 3077 4
1251 3032 1278 3075 et
1298 3024 1311 3074 7

201 3155 212 3206 1
234 3152 430 3205 summiserunt
447 3150 561 3205 BRTD
582 3149 638 3205 ΟΝ
652 3148 724 3203 Hm
741 3167 765 3213 γ,
785 3148 872 3205 subm.
892 3154 949 3205 cet..
969 3148 1074 3215 edd.,u
1136 3147 1314 3201 2dimiltun·

164 3240 343 3294 turBRTD
364 3239 387 3308 Q
406 3238 506 3308 (colon,
526 3239 627 3290 remitt.
646 3244 704 3305 eet,
723 3238 827 3304 edd.,e
899 3238 1018 3305 lquod]
1039 3237 1136 3304 quiar
1207 3236 1314 3304 scripsit

164 3328 214 3392 H2,
234 3328 303 3381 dicit
318 3344 340 3396 p
386 3325 522 3379 beatam.
546 3325 624 3378 CPF
667 3327 799 3395 tetiam]
817 3326 870 3379 iam
890 3325 932 3387 M,
953 3328 980 3377 et
994 3342 1041 3392 pr
1091 3326 1151 3379 het
1170 3326 1185 3378 8
1205 3328 1314 3377 nazaret

164 3418 220 3472 ΒΤ
311 3417 344 3471 10
369 3417 467 3470 ciuitas
490 3416 564 3484 sits
582 3416 706 3468 raelm
815 3415 996 3483 gloriosisime
1014 3414 1049 3469 B.
1075 3413 1194 3480 gloriosa
1218 3412 1277 3482 Vp
1292 3430 1314 3479 p

168 3506 194 3558 11
215 3507 290 3576 prior
307 3506 367 3574 ipse
386 3502 507 3567 BRTD,
526 3504 584 3572 ipse
604 3504 677 3571 prior
695 3509 764 3566 cett,
784 3503 845 3556 edd.
947 3502 979 3555 13
999 3501 1074 3555 dieta
1093 3502 1178 3553 nteit
1197 3501 1231 3563 B,
1252 3503 1314 3567 (om.

163 3595 261 3661 dietus)
280 3594 318 3647 sit
336 3592 400 3654 BT,
421 3591 494 3645 dieta
513 3592 549 3644 sit
567 3592 606 3644 M
620 3610 637 3661 χ
655 3593 749 3659 ruet,
769 3591 859 3644 dietus
878 3591 915 3643 sit
934 3591 1050 3659 populus
1069 3591 1100 3643 in
1118 3605 1167 3657 mu.
1189 3589 1198 3641 1
1263 3588 1311 3641 do·

164 3685 233 3753 mus]
254 3682 372 3752 populus
397 3681 419 3733 V
526 3681 640 3733 sua-iu
660 3683 711 3733 ciu.
732 3680 809 3749 caph.
830 3681 942 3733 ciuitate
963 3696 1014 3732 om.
1034 3679 1060 3731 B
1162 3678 1194 3731 14
1214 3677 1310 3746 iesum]

164 3772 242 3826 deum
260 3770 323 3840 MQ
404 3771 432 3823 in
450 3774 512 3839 (om.
532 3770 655 3836 ciuitate)
675 3786 697 3822 e.
716 3769 802 3823 RTD
824 3769 908 3838 OMQ
926 3768 1181 3837 HAELprael
1263 3766 1313 3820 eal.

167 3860 286 3915 GPFO
342 3859 483 3913 ciuitatem
501 3858 559 3913 BT
596 3860 627 3912 15
646 3859 785 3924 redigeret
800 3857 866 3911 E¹L
921 3874 1125 3926 gerassenorum
1144 3857 1173 3909 B
1190 3854 1315 3909 HAE²L

167 3952 197 4003 16
215 3955 289 4003 reete
309 3965 360 4003 om.
379 3932 493 4001 HAEL
581 3949 612 4000 18
633 3947 683 4001 eaf.
702 3946 775 4001 FO
848 3948 995 4001 excelleuat
1014 3947 1041 3998 B
1114 3949 1144 3999 ut
1163 3963 1213 4003 om.
1233 3945 1314 3999 ΑΕΒ

165 4042 195 4091 ut
211 4042 381 4106 totamquam
394 4037 396 4105 ξ
410 4036 540 4105 etropolis
559 4035 586 4087 B
652 4036 684 4088 19
703 4036 829 4089 lieeretet
848 4035 874 4087 B
940 4037 974 4089 ab
994 4037 1021 4086 in
1043 4036 1105 4103 qua]
1126 4033 1221 4103 inquid
1243 4032 1314 4086 ΟῙΡ1

163 4132 271 4181 nazaret
294 4128 319 4179 Τ
407 4127 439 4179 21
462 4125 510 4181 eal.
531 4125 609 4178 FN
695 4125 762 4177 sien
786 4127 828 4191 (ut
852 4127 932 4192 eros.)
959 4124 994 4191 E,
1015 4125 1052 4177 sie
1076 4123 1115 4178 Al
1224 4120 1311 4190 capud

165 4215 229 4269 ΟΨ
242 4216 279 4278 N,
305 4215 377 4284 apud
396 4213 509 4267 HAEL
617 4213 744 4266 ciuitates
768 4216 809 4279 (es
833 4214 864 4265 z'a
886 4230 942 4267 rus.
967 4213 1006 4276 E)
1033 4212 1090 4265 ΑΕ
1183 4211 1217 4263 22
1243 4210 1315 4263 diee-

164 4310 270 4358 returr
344 4303 564 4373 praetermissese
583 4302 609 4353 B

191 4432 307 4471 anxani
323 4435 381 4478 nug.
397 4430 458 4470 sect.
473 4430 507 4469 nr
522 4440 578 4478 pars
592 4430 613 4467 4.
1248 4403 1276 4455 11
