3184 5234
439 418 480 471 de
510 436 611 471 cons.
640 436 771 489 euang.
800 420 848 472 lib.
873 419 924 473 IlI.
950 437 1008 488 cap.
1027 420 1095 472 XIII
1275 425 1338 488 335

190 612 390 692 sublimauit,
426 616 464 677 ut
495 633 550 696 per
582 614 660 678 haec
690 614 761 695 ipsa
794 634 874 697 quae
906 615 937 678 in
971 616 1017 678 eis
1050 616 1206 679 contraria
1238 616 1340 681 uideri

188 723 326 800 possunt
353 720 447 784 multi
476 724 714 785 excaecarentur
744 720 837 806 digne
870 722 979 785 traditi
1004 722 1036 785 iu
1066 722 1339 803 concupiscentias

189 826 294 891 cordis
327 826 378 891 sui
412 830 444 890 et
475 829 643 909 reprobum
681 847 822 909 sensum,
858 833 890 892 et
921 828 1015 892 multi
1053 831 1270 893 exercerentur
1300 829 1339 892 ad

189 932 382 996 elimandum
405 934 496 1014 pium
518 934 717 998 intellectum
742 936 917 998 secundum
936 936 1095 999 occultam
1114 936 1339 1017 omnipotentis

156 1038 369 1103 siustitiam‘?
401 1040 480 1103 dicit
507 1041 590 1104 enim
618 1041 771 1123 propheta
800 1041 941 1106 domino:
976 1041 1101 1105 6nimis
1133 1041 1338 1125 profundae

185 1145 311 1208 factae
349 1150 436 1211 sunt
473 1148 731 1230 cogitationes
773 1150 872 1225 tuae,
916 1145 988 1211 'uir
1024 1149 1230 1229 inprudens
1268 1167 1337 1211 uon

186 1253 388 1335 cognoscit
412 1256 448 1317 ot
473 1254 620 1317 stultus
644 1273 714 1317 non
737 1238 936 1338 intellegit
959 1255 1059 1318 haec.

231 1357 309 1422 Peto
326 1362 432 1422 autem
448 1364 480 1423 et
495 1360 648 1424 admoneo
665 1380 718 1425 eos
740 1361 794 1443 qui
809 1362 887 1425 haec
901 1362 1013 1443 legunt
1027 1380 1083 1444 per
1095 1380 1152 1425 nos
1168 1360 1338 1425 adiuuante
1361 1361 1404 1423 49

184 1464 314 1529 domino
343 1465 512 1541 elaborata,
545 1469 582 1530 ut
610 1466 707 1531 huius
732 1467 897 1542 sermonis,
922 1487 1016 1550 quom
1048 1469 1109 1532 hoc
1140 1468 1211 1531 loco
1243 1468 1338 1531 inter-

129 1594 162 1630 10
181 1570 365 1651 ponendum
382 1572 552 1636 arbitratus
567 1593 639 1637 sum
651 1573 682 1635 in
699 1573 785 1637 omni
800 1573 898 1637 simili
913 1573 1135 1655 quaestionum
1150 1573 1337 1637 difficultate

181 1678 394 1757 meminerint,
426 1698 465 1741 ne
494 1679 622 1761 saepius
655 1679 764 1743 eadem
797 1680 968 1762 repetenda
999 1680 1073 1744 sint.
1105 1679 1199 1743 facile
1230 1683 1336 1744 autem

181 1783 310 1847 uidebit
336 1785 390 1866 qui
419 1785 486 1850 sine
513 1786 688 1869 impietatis
718 1785 835 1850 duritia
862 1786 1000 1850 uoluerit
1031 1787 1210 1868 adtendere,
1242 1806 1337 1868 quam

182 1894 341 1971 oportuno
365 1893 435 1955 loco
459 1893 586 1956 Marcus
612 1892 672 1956 hoc
691 1893 729 1955 de
748 1893 844 1955 tertia
867 1893 943 1957 hora
965 1893 1117 1975 posuerit,
1140 1896 1178 1957 ut
1201 1892 1335 1975 quisque

179 1996 231 2059 ibi
258 1998 451 2076 recordetur,
485 2018 548 2080 qua
580 1999 657 2061 hora
688 1998 799 2063 Iudaei
833 1997 1044 2062 crucifixerint
1076 1999 1248 2075 dominum,
1282 1998 1336 2079 qui

123 2125 155 2163 15
179 2103 336 2168 uolebant
353 2105 386 2168 iu
404 2105 565 2169 Romanos
585 2105 638 2168 uel
656 2106 814 2187 principes
834 2105 888 2168 uel
905 2105 1024 2168 milites
1044 2106 1211 2169 transferre
1229 2105 1336 2187 ipsum

177 2208 319 2287 facinus,
342 2210 398 2274 ubi
416 2211 537 2274 factum
561 2210 780 2275 ministrorum
804 2211 944 2275 militum
969 2215 1251 2275 commemoratum
1276 2213 1335 2275 est.

178 2316 232 2379 ait
255 2317 355 2380 enim:
382 2322 417 2380 et
445 2318 720 2400 crucifigentes
751 2336 831 2381 eum
861 2317 1078 2382 diuiserunt
1105 2318 1336 2381 uestimenta

177 2422 265 2486 eius
303 2423 499 2487 mittentes
530 2426 653 2488 sortes
683 2444 796 2505 super
830 2425 894 2503 eis,
928 2424 1012 2506 quis
1046 2423 1135 2506 quid
1167 2423 1335 2488 tolleret.

176 2529 239 2610 qui
271 2530 340 2607 hoo,
378 2530 440 2594 nisi
472 2530 602 2608 milites,
641 2530 725 2595 sicut
761 2531 916 2594 lohannes
949 2530 1152 2594 manifestat?
1191 2549 1264 2613 crgo
1297 2548 1334 2593 ne

115 2660 151 2697 20
176 2636 353 2717 quisquam
386 2637 611 2721 cogitationem
644 2637 726 2700 tanti
759 2637 900 2701 criminis
932 2656 1065 2700 auersus
1094 2657 1111 2699 a
1143 2636 1269 2701 Iudaeis
1301 2636 1334 2699 in

174 2742 303 2809 milites
322 2744 396 2808 illos
417 2747 625 2821 conuerteret,
651 2749 730 2808 erat
750 2748 885 2823 autem,
910 2743 1023 2826 inquit,
1047 2744 1136 2807 hora
1159 2744 1275 2807 tertia
1298 2745 1335 2806 ot

175 2850 461 2915 crucifixerunt
480 2868 572 2927 eum,
592 2854 628 2913 ut
642 2850 691 2913 illi
713 2870 786 2914 eum
804 2851 913 2931 potius
928 2849 1120 2913 crucifixisse
1133 2850 1335 2914 inueniuntur

119 3004 123 3013 .
174 2975 263 3038 quos
286 2958 364 3021 hora
391 2956 496 3033 tertia,
524 2960 561 3020 ut
585 2955 832 3040 crucifigeretur,
863 2957 996 3020 clamare
1024 2958 1168 3039 potuisse
1197 2956 1332 3039 diligens

271 3198 639 3261 aef.1r0m.1,240t28
695 3200 971 3263 5*Ps.91,6etr
1029 3199 1332 3260 recludamus

173 3293 208 3343 et
229 3290 262 3342 33
320 3289 352 3341 17
372 3287 470 3341 *Marc
492 3288 532 3351 15,
553 3289 587 3340 24
644 3288 677 3341 19
697 3287 731 3343 of.
751 3288 810 3341 Ioh.
834 3289 876 3355 19,
895 3289 929 3341 23

220 3430 304 3497 leis]
324 3429 391 3497 ipsis
406 3446 428 3497 p
482 3429 574 3483 uidere
596 3429 658 3482 011²
692 3428 891 3499 2possintB¹
947 3434 974 3483 et
993 3430 1074 3498 digne
1090 3448 1111 3497 p
1166 3429 1251 3482 tradit
1272 3429 1351 3503 (ΒΡ,

172 3522 208 3573 in
230 3519 464 3587 conscupisccntia
481 3521 505 3587 (s
520 3535 567 3585 pr.
581 3535 650 3586 exp,
664 3519 703 3572 isc
717 3536 739 3572 s.
755 3521 773 3573 l.
790 3519 855 3573 add.
875 3536 909 3573 m.
928 3522 953 3587 l)
971 3519 1018 3587 Βῑ,
1037 3520 1065 3571 in
1086 3519 1332 3587 concupiscentiam

171 3606 315 3670 HAE1L,
335 3608 362 3658 in
382 3606 516 3659 desideria
534 3624 550 3661 o
569 3606 607 3675 (ὲν
626 3614 683 3671 ταῖς
703 3606 864 3679 ἐπιθυμίαις)
918 3609 934 3661 3
955 3608 1029 3661 etin
1048 3608 1190 3677 reprobum
1209 3607 1332 3661 raelm

172 3699 194 3749 4
217 3694 378 3763 secundum]
399 3699 493 3748 contra
511 3712 526 3748 r
586 3697 694 3749 occulta
712 3697 739 3749 Β
782 3698 797 3749 7
817 3701 965 3765 cognoscet
982 3696 1025 3749 N²
1044 3697 1165 3749 aalma
1183 3694 1330 3765 (proiceret)

172 3783 326 3851 intelleget
343 3784 378 3838 N
390 3785 540 3852 panemo
564 3783 692 3855 (συνήσει)
783 3786 800 3838 8
820 3785 967 3838 adiubante
986 3786 1014 3837 Β
1103 3786 1120 3837 9
1140 3784 1280 3838 elaborent
1297 3785 1336 3839 M

172 3872 225 3940 ut]
246 3871 263 3923 d
281 3871 319 3923 B1
425 3872 456 3925 11
477 3872 568 3941 facilc]
591 3873 690 3941 rumpit
709 3873 782 3941 Eup.
801 3874 871 3929 Eece.
890 3875 994 3941 septim.
1105 3874 1137 3925 12
1157 3874 1213 3943 qui]
1234 3890 1287 3941 qua
1304 3874 1332 3925 Β

174 3962 216 4015 13
236 3960 286 4013 hec
299 3978 322 4029 p
387 3961 545 4029 quisquisp
608 3961 647 4014 ibi
666 3962 781 4030 quisque
802 3963 848 4015 lm
904 3963 937 4015 14
955 3962 1046 4015 iudaei
1065 3978 1115 4015 om.
1138 3962 1186 4015 ΟΡ
1246 3964 1331 4015 cruci·

170 4052 297 4105 fixerunt
315 4050 342 4103 A
361 4050 422 4103 edd.
439 4056 551 4118 practer
566 4067 620 4119 pm
703 4051 735 4103 18
755 4052 854 4119 sortes]
875 4057 976 4103 sortem
997 4050 1020 4119 Q
1038 4051 1099 4104 cdd.
1113 4057 1228 4119 praeter
1242 4068 1262 4119 p
1271 4068 1296 4119 9,
1315 4068 1331 4103 o

171 4137 229 4206 (cf.
242 4153 332 4205 supra
351 4140 420 4207 323,
442 4140 474 4203 5,·
495 4140 562 4197 325,
584 4142 629 4204 17)
696 4139 753 4207 qui]
771 4140 861 4207 quisr
909 4140 941 4191 19
960 4139 1022 4208 hoc]
1045 4139 1110 4193 add.
1129 4139 1251 4192 fecerunt
1271 4140 1332 4193 ael

169 4228 215 4282 20
236 4243 347 4279 auersus
367 4243 417 4280 om.
443 4224 502 4295 Vp
562 4228 594 4280 21
616 4231 713 4283 etone.
735 4226 798 4282 0¹1³
855 4229 889 4279 22
911 4244 970 4280 euru
984 4244 1030 4296 pr.
1050 4244 1101 4281 om.
1124 4228 1159 4281 0¹
1230 4232 1331 4285 utom.

173 4314 246 4371 011³
