3184 5234
313 453 354 516 16
536 515 538 524 ‚
665 453 691 509 S.
720 451 859 506 Aureli
887 451 1106 522 Augustini

312 648 408 714 etiam
439 652 569 733 propter
601 650 736 716 eundem
767 648 926 734 passionis
960 647 1044 716 diem
1076 647 1232 716 celebrius
1265 649 1463 721 sollemniter

311 755 412 820 Roma
430 756 640 822 commendat.
665 757 711 822 sie
730 757 857 822 omnino
881 774 982 821 errare
1004 758 1210 836 meruerunt·
1222 757 1278 840 qui
1296 755 1461 822 Christum

312 864 344 927 et
372 863 541 944 ,apostolos
579 863 648 928 eius
685 880 746 928 non
778 863 812 926 in
845 860 1173 940 sanctissscodicibus
1206 863 1260 929 sed
1294 863 1327 928 in
1363 861 1460 946 pictis

310 968 485 1048 parietibus
510 968 723 1052 quaesierunt,
747 989 805 1035 nee
828 969 955 1047 mirum,
979 969 1007 1033 si
1030 988 1048 1033 a
1070 968 1276 1054 pingentibus
1303 969 1460 1054 lingentes
1570 970 1571 1009 Τ

311 1073 436 1158 decepti
471 1079 557 1141 sunt.
593 1078 661 1141 toto
699 1077 781 1141 enim
818 1080 972 1158 tempore,
1010 1093 1071 1158 quo
1110 1075 1258 1142 Christus
1295 1078 1329 1146 in
1364 1095 1457 1147 came
1488 1095 1502 1133 ⁵
1570 1066 1571 1077 ’

311 1183 438 1246 mortali
461 1201 533 1248 cum
559 1183 626 1248 suis
651 1181 818 1265 discipulis
842 1180 932 1259 uixit,
956 1181 1096 1247 nondum
1125 1185 1193 1251 erat
1215 1183 1337 1250 Paulus
1364 1183 1460 1250 disci·

310 1290 406 1371 pulus
432 1288 510 1367 eius,
535 1308 629 1372 quem
653 1291 726 1373 post
749 1289 931 1372 passionem
953 1307 1055 1368 suam,
1084 1292 1159 1372 post
1185 1289 1459 1368 resurrectionem,

310 1397 383 1476 post
410 1395 635 1474 ascensionem,
664 1397 738 1479 post
764 1395 900 1460 missum
928 1395 966 1459 oo
995 1395 1093 1460 caelis
1121 1395 1269 1478 spiritum
1302 1398 1458 1474 sanctum,

309 1504 384 1584 post
402 1502 579 1566 multorum
603 1501 794 1568 Indaeorum
818 1501 1058 1570 conuersionem
1087 1506 1119 1570 et
1146 1503 1324 1568 mirabilem
1350 1503 1458 1591 fidem,
1570 1498 1571 1539 ³

309 1610 384 1690 post
409 1607 637 1691 lapidationem
666 1606 821 1691 Stephani
848 1608 972 1674 diaconi
999 1611 1033 1673 et
1059 1608 1219 1692 martyris,
1247 1627 1322 1676 cum
1353 1609 1458 1676 adbuc
1479 1629 1505 1670 ιο
1570 1626 1571 1683 ῑ

311 1714 427 1779 Saulus
455 1714 668 1797 appellaretur
695 1717 727 1780 et
755 1733 811 1780 eos
839 1715 894 1798 qui
920 1715 953 1780 in
976 1715 1143 1781 Christum
1167 1715 1374 1783 crediderant.
1389 1735 1459 1800 gra·
1570 1800 1571 1805 ἵ

308 1821 393 1885 niter
423 1823 676 1903 persequeretur,
715 1821 752 1886 de
787 1822 875 1886 caelo
907 1823 1039 1887 uocauit
1070 1826 1103 1887 et
1135 1841 1229 1887 suum
1264 1822 1457 1906 discipulum

309 1927 412 2009 adque
444 1928 624 2009 apostolum
657 1927 744 1993 fecit.
779 1928 937 2011 quomodo
968 1928 1070 2012 igitur
1100 1928 1207 2013 potuit
1237 1929 1347 2007 libros,
1377 1948 1457 2011 quos

309 2037 477 2117 antequam
509 2037 685 2101 moreretur
712 2053 787 2099 eum
816 2035 983 2118 scripsisse
1009 2035 1116 2118 putari
1143 2036 1268 2112 uolunt,
1297 2035 1337 2100 ad
1364 2035 1459 2108 disci·

308 2139 402 2221 pulos
429 2144 593 2224 tamquam
621 2141 890 2207 familiarissimos
917 2142 1049 2206 Petrum
1082 2145 1115 2206 et
1141 2142 1278 2207 Paulum
1311 2141 1457 2220 scribere,
1477 2161 1504 2200 1⁵
1570 2136 1571 2213 J

309 2247 381 2312 cum
406 2247 525 2312 Paulus
549 2248 689 2313 nondum
712 2248 810 2313 fuerit
833 2248 1011 2330 discipulus
1035 2248 1127 2317 eius?
1570 2242 1571 2257 ¹

177 2345 292 2414 11.17
352 2355 437 2419 Illud
461 2373 588 2438 quoqne
612 2353 793 2432 adtendant,
819 2354 874 2435 qui
895 2354 1031 2438 magicis
1056 2354 1178 2421 artibus
1201 2356 1291 2419 tanta
1312 2353 1457 2436 potuisse

309 2465 342 2527 et
372 2479 486 2526 nomen
518 2481 613 2526 suum
646 2459 685 2524 ad
717 2461 853 2544 populos
885 2461 919 2526 in
950 2480 985 2526 se
1017 2461 1247 2528 conuertendos
1280 2466 1347 2526 arte
1383 2461 1455 2544 ipsa

308 2586 512 2634 consecrasse
539 2567 684 2645 delirant,
717 2571 825 2633 utrum
857 2568 998 2652 potuerit
1028 2568 1162 2654 magieis
1195 2568 1316 2640 artibus
1348 2571 1454 2632 tantos

303 2675 478 2756 ‘prophetas
498 2672 606 2748 diuino
626 2673 741 2757 spiritu
760 2676 930 2757 antequam
948 2676 981 2740 in
1000 2679 1084 2741 terra
1106 2678 1290 2741 nasceretur
1311 2674 1454 2757 implere,
1473 2694 1504 2736 so

309 2780 364 2862 qui
388 2778 426 2844 de
449 2779 506 2845 illo
529 2779 608 2843 talia
630 2779 740 2858 futura
761 2783 937 2864 praelocuti
960 2785 1045 2860 sunt,
1070 2782 1177 2866 qualis
1198 2782 1262 2848 iam
1284 2781 1456 2864 praeterita
1570 2792 1571 2809 ³

307 2886 340 2949 in
370 2884 703 2970 euangeliolegimus
733 2889 768 2952 et·
793 2888 900 2968 qualis
925 2887 958 2952 in
986 2888 1061 2953 orbe
1092 2892 1246 2954 terrarum
1279 2887 1456 2972 praesentia
1570 2938 1571 2949 ,

308 2993 391 3055 nnnc
427 2991 606 3058 uidemus.'
629 3011 731 3074 neque
769 2993 865 3071 enim,
906 2993 934 3059 si
970 2994 1104 3078 magicis
1141 2994 1263 3060 artibus
1300 2993 1387 3072 feeit,
1419 2995 1456 3057 ut
1570 3014 1571 3017 ¹

399 3233 469 3288 lof.
492 3233 557 3289 nus.
584 3233 682 3289 Ohrcn.
704 3235 755 3289 int.
779 3234 855 3292 Hier.
876 3237 900 3304 2,
925 3236 989 3299 157;
1013 3236 1124 3290 Hieron.
1149 3235 1182 3291 de
1200 3236 1250 3290 uir.
1274 3235 1315 3291 ill.
1334 3238 1363 3303 53
1383 3236 1453 3290 Acta
1492 3202 1500 3213 ἢ

310 3326 396 3394 apost.
417 3339 506 3394 apocr.
526 3323 561 3376 39
617 3322 632 3375 7
652 3323 686 3376 cf.
705 3323 765 3377 Act.
786 3323 812 3388 9,
832 3323 921 3378 1-30
974 3324 1009 3378 23
1029 3323 1063 3378 cf.
1083 3341 1104 3379 c.
1123 3323 1217 3378 Faust.
1237 3323 1280 3392 12,
1300 3326 1334 3379 45

346 3467 358 3519 1
376 3466 520 3535 celebrius]
534 3463 666 3520 celebrius
680 3468 708 3518 et
721 3465 979 3535 HAELpnprue
989 3465 1007 3529 1,
1023 3466 1212 3522 celeberrimus
1228 3465 1299 3535 0²1²,
1314 3465 1455 3521 celeberri-

307 3554 380 3611 mu'm
402 3554 475 3618 0³1⁷,
494 3553 669 3609 celeberrima
688 3555 712 3608 α’
794 3554 920 3609 2romae
938 3555 965 3625 (e
983 3557 1065 3622 cruc)
1082 3554 1122 3608 B⁸
1202 3571 1290 3609 errare
1310 3555 1455 3625 omninop

308 3646 325 3698 3
344 3645 477 3716 apostolis
498 3642 559 3697 GP·
582 3645 600 3696 4
619 3642 815 3714 quaesiuerunt
833 3645 931 3712 (ques.)
947 3642 979 3699 F
996 3643 1047 3716 OQ
1059 3641 1251 3700 Hemeseo
1287 3645 1303 3698 8
1322 3644 1404 3699 caelis
1422 3659 1457 3698 cu

308 3734 397 3788 caelos
416 3749 485 3789 cerr.
504 3733 543 3786 13⁸
594 3731 634 3787 .1e
652 3731 760 3802 stepsni
778 3732 816 3786 Μ
886 3732 994 3786 diaconi
1013 3735 1041 3789 et
1059 3748 1110 3786 orn.
1129 3731 1171 3786 Ne
1229 3732 1263 3791 12
1282 3732 1455 3803 discipulum]
1570 3782 1571 3785 ,

309 3822 376 3876 dicit
394 3822 460 3891 (dici
477 3820 519 3888 Η)
540 3820 704 3892 discipulum
722 3818 849 3875 HA¹EL
921 3820 954 3876 13
972 3820 1070 3892 igitur]
1091 3837 1191 3890 ergop
1260 3821 1295 3876 14
1311 3821 1457 3876 moriretur
1570 3834 1571 3873 l

312 3909 411 3965 T¹F¹S
448 3925 449 3930 ¹
481 3911 578 3981 putare
600 3908 650 3964 ΟΡ
719 3907 976 3964 uolueruntAbSU
1029 3908 1062 3966 17
1077 3909 1135 3979 qui]
1154 3925 1176 3965 e.
1195 3910 1213 3966 1.
1234 3908 1300 3964 adol.
1319 3925 1381 3962 eum
1399 3908 1456 3963 No,

237 4007 239 4010 “
309 4015 390 4070 quem
408 4014 426 4050 a
496 3998 585 4067 megin
602 3995 680 4061 Μ,
697 3996 813 4065 magicis
832 4011 927 4054 cumr
997 3996 1131 4066 potuisse]
1151 4012 1212 4051 eum
1231 3996 1353 4067 potuisse
1377 3995 1457 4052 Vlm

301 4084 434 4158 populos]
454 4086 534 4158 aplos
553 4087 585 4140 s'n
603 4101 694 4156 nepo
785 4085 819 4142 19
839 4084 962 4143 delerant
979 4083 1122 4142 1320112212
1215 4083 1458 4156 21qu11qmao

308 4177 368 4247 illo]
390 4192 421 4231 eo
439 4191 455 4234 r
526 4173 560 4229 22
579 4173 764 4245 (euun)llgelio
782 4174 832 4242 fol.
853 4176 873 4226 7
889 4173 970 4240 (ficit
985 4173 1203 4242 supplantantium
1220 4184 1291 4247 occe..
1309 4173 1384 4228 XII.
1406 4173 1456 4242 Ne,

307 4266 408 4336 eoepit
425 4281 526 4320 mance
543 4281 614 4320 saec.
634 4265 685 4333 X.)
705 4263 736 4320 N
821 4262 859 4332 et]
878 4263 907 4316 in
927 4261 962 4315 0¹
1043 4262 1137 4320 orbem
1153 4262 1241 4318 RTD
1330 4262 1365 4315 23
1383 4261 1458 4317 enim

307 4371 329 4409 s.
350 4355 414 4408 tc
