3184 5234
276 512 320 566 de
347 527 539 567 consensu
567 511 911 579 euangelistarum
938 511 986 567 lib.
1009 510 1045 566 Il.
1070 510 1171 581 oapi(
1254 514 1294 579 97

147 708 186 772 in
223 707 436 771 Bethleem
472 706 647 771 Iudaeae
688 707 727 770 in
770 705 915 769 diebus
952 706 1128 770 Herodis
1170 706 1293 791 regis,

148 824 182 879 et
204 818 319 879 cetera.

191 922 241 985 De
269 922 400 986 ciuitate
423 921 588 986 Bethleem
611 921 775 986 Mattheus
798 921 964 1002 Lucaeque
993 920 1208 995 consentiunt;
1239 918 1295 984 sed
1320 914 1361 977 15

149 1030 308 1111 quomodo
341 1033 373 1093 et
406 1048 467 1111 qua
500 1048 597 1093 eausa
628 1028 667 1091 ad
701 1047 769 1091 eam
802 1028 947 1092 uenerint
978 1026 1094 1111 Ioseph
1128 1030 1159 1091 et
1181 1026 1293 1104 Maria,

119 1138 252 1201 roncas
284 1137 421 1218 exponit,
453 1135 618 1201 Mattheus
649 1133 883 1216 praetermittit.
916 1136 1024 1199 eontra
1056 1133 1095 1198 de
1127 1134 1231 1217 magis
1255 1133 1292 1197 ab

147 1244 268 1307 oriente
291 1243 493 1307 uenientibus
512 1243 615 1307 Lnoas
638 1245 734 1319 tacet,
753 1240 918 1304 Mattheus
943 1240 1021 1305 dioit
1042 1240 1089 1305 ita
1112 1245 1292 1307 conterens:

148 1350 252 1414 ¹eeoe
276 1350 382 1434 magi
405 1350 450 1413 ab
475 1349 634 1413 oriente
658 1351 861 1411 uenerunt
884 1346 1210 1431 Hierosolymam
1229 1345 1293 1412 ²di·

148 1459 307 1520 centes:
331 1455 400 1519 ubi
425 1457 488 1519 est
510 1454 578 1537 qui
597 1457 719 1518 natus
739 1456 803 1519 est
821 1474 886 1519 rer
905 1454 1169 1520 ludaeorum?
1193 1455 1292 1519 uidi·

146 1581 232 1626 mus
270 1562 374 1625 enim
413 1561 578 1626 stellam
621 1560 708 1625 eins
750 1559 789 1624 in
832 1560 990 1627 oriente
1033 1564 1071 1626 et
1107 1562 1291 1625 uenimus

105 1682 129 1722 10
147 1670 316 1733 adorare
341 1688 437 1732 eum.
456 1667 640 1733 ⁸audiens
660 1669 794 1731 antem
814 1668 993 1733 Herodes
1017 1687 1081 1731 rex
1100 1667 1291 1733 turbatus

147 1780 219 1853 est,
244 1779 278 1840 et
300 1778 405 1840 cetera
425 1794 527 1857 usqne
551 1774 590 1839 ad
609 1794 680 1839 enm
700 1776 818 1851 locum,
838 1774 894 1839 ubi
913 1775 1068 1857 seriptum
1088 1776 1137 1837 est
1155 1774 1193 1838 de
1213 1774 1291 1857 ipsis

145 1882 250 1968 magis
282 1882 368 1965 quod
398 1900 550 1965 responso
583 1885 714 1964 aooepto
751 1881 784 1945 in
821 1882 951 1959 somnio,
988 1900 1027 1945 ne
1064 1880 1201 1945 redirent
1237 1900 1293 1965 per

144 1989 316 2066 Herodem,
340 2008 396 2071 per
427 1989 523 2053 aliam
553 1988 639 2052 uiam
673 1988 811 2072 regressi
844 1990 920 2053 sunt
950 1988 983 2052 in
1006 1988 1166 2071 regionem
1192 2007 1291 2052 suam.

144 2096 205 2159 hoo
237 2098 343 2160 totum
366 2096 469 2159 Lneas
499 2095 723 2178 praetermisit,
747 2095 832 2159 sieut
854 2095 1017 2159 Mattheus
1049 2114 1109 2159 non
1142 2094 1291 2173 narrauit,

103 2212 127 2254 ¹⁶
144 2203 230 2285 quod
261 2202 365 2267 Lucas
397 2205 511 2280 narrat,
542 2202 575 2266 in
607 2202 752 2285 praesepi
783 2203 924 2285 positum
957 2200 1120 2266 dominnm
1153 2203 1185 2264 et
1207 2199 1291 2282 quod

143 2309 327 2391 pastoribus
352 2328 425 2372 eum
448 2313 558 2373 natum
582 2310 713 2392 angelus
737 2308 931 2373 nuntiauerit
955 2312 988 2373 et
1010 2308 1095 2391 quod
1117 2306 1289 2371 multitudo

143 2414 279 2479 mihtiae
303 2414 383 2478 oaeli
404 2414 489 2478 faeta
512 2416 562 2478 est
585 2432 658 2478 eum
682 2414 794 2497 angelo
818 2414 1017 2478 laudantium
1041 2414 1136 2477 deum
1155 2417 1187 2478 et
1205 2413 1290 2495 quod

143 2522 300 2585 uenerunt
329 2522 474 2602 pastores
506 2523 538 2585 et
568 2520 718 2585 uiderunt
749 2540 862 2585 uerum
886 2539 956 2585 esse
980 2520 1064 2602 quod
1088 2520 1133 2585 eis
1157 2521 1288 2604 angelus

142 2627 340 2690 nuntiauarit
363 2630 395 2690 et
419 2626 504 2709 quod
527 2627 578 2691 die
603 2628 853 2692 circumcisionis
882 2646 958 2693 suae
985 2646 1097 2693 nomen
1122 2628 1288 2711 acceperit,

100 2740 125 2782 20
143 2736 176 2796 et
207 2752 288 2815 quae
319 2735 396 2814 post
425 2733 574 2817 impletos
607 2733 675 2799 dies
706 2733 906 2818 purgationis
929 2733 1048 2799 Mariae
1079 2733 1163 2798 idem
1186 2735 1288 2799 Lucas

231 2958 307 3013 def.
330 2957 395 3012 Lao.
418 2958 485 3026 2‚4
587 2958 725 3016 ruauh.
748 2958 918 3025 arb-am
1024 2959 1055 3013 11
1081 2958 1114 3013 ef.
1140 2958 1237 3013 Matth.
1262 2958 1287 3023 2,

140 3046 258 3101 atr-12
315 3048 348 3099 15
367 3046 401 3100 of.
420 3046 484 3100 Luc.
504 3047 529 3115 2,
549 3047 637 3101 7-38

176 3170 189 3223 1
207 3170 328 3224 bethlem
345 3170 423 3224 OPF
433 3170 466 3223 N
476 3170 527 3231 11¹.
545 3171 663 3225 betleem
676 3171 703 3225 L
760 3172 874 3227 iudaeae
892 3171 925 3226 0ι
945 3171 1049 3236 H¹EL,
1069 3170 1166 3227 iudeae
1184 3172 1242 3227 BT
1258 3172 1289 3226 N

137 3258 219 3325 Her,
236 3260 300 3313 iude
319 3259 350 3311 F
348 3299 355 3327 ,
373 3258 453 3313 indae
472 3265 529 3328 oet,
547 3260 616 3324 edd,
634 3260 700 3313 inda
717 3278 734 3316 o
753 3264 812 3331 (τῆς
832 3258 970 3329 Ἰουδαίας)
1110 3262 1126 3313 2
1151 3264 1179 3315 et
1198 3264 1287 3315 cetera

137 3364 229 3417 emp
283 3350 299 3403 3
318 3347 468 3403 betthleem
487 3350 521 3412 B,
540 3348 660 3403 bethlem
681 3349 761 3404 OPF
775 3350 810 3404 H
876 3351 953 3405 lucas
971 3348 1009 3403 B¹
1029 3349 1122 3404 AE¹L
1180 3352 1198 3404 4
1217 3367 1287 3419 quae

139 3432 193 3489 GP
262 3454 323 3490 eum
341 3436 370 3489 B
440 3437 598 3507 nenirentp
648 3440 808 3508 5exposuit
829 3437 862 3493 0¹
880 3438 907 3493 L
978 3439 1097 3493 matthas
1115 3438 1155 3492 B²
1209 3456 1286 3508 prae-

135 3526 257 3579 termisit
268 3543 292 3594 p
358 3526 434 3580 dita
453 3542 504 3580 om.
527 3526 553 3579 Τ
618 3527 835 3597 lhierosolyma
854 3528 889 3597 B,
910 3528 1124 3598 hyerosolymam
1146 3528 1176 3593 0,
1195 3528 1286 3581 hieru-

136 3612 269 3683 solymam
292 3614 324 3683 Q,
342 3612 543 3667 hierusolimam
562 3614 645 3667 Aba
684 3616 702 3669 8
721 3616 845 3670 uidemus
867 3610 899 3671 0¹
940 3616 1232 3683 sestertiummilium
1253 3614 1286 3669 0¹

135 3702 270 3755 orientem
291 3702 342 3755 GP
411 3703 546 3771 uenimus]
567 3703 712 3757 addeum
730 3704 886 3759 muneribus
910 3704 936 3757 V
998 3706 1031 3759 10
1050 3703 1162 3758 audiens
1182 3706 1283 3773 antem]

135 3806 205 3858 quae
221 3790 335 3843 audiens
349 3793 439 3844 autem
452 3790 492 3843 B¹
534 3792 565 3845 ll
582 3795 625 3845 est
633 3794 691 3861 pa]
708 3793 773 3846 add.
789 3796 817 3846 et
831 3794 919 3846 omnis
934 3793 1106 3848 iherosolima
1121 3808 1179 3847 oum
1195 3793 1242 3846 illo
1262 3792 1286 3847 V

137 3880 169 3931 12
192 3879 310 3947 magieis
333 3877 377 3932 Η1
482 3896 532 3950 per
553 3880 682 3934 herodem
705 3880 775 3935 B¹D
802 3882 877 3936 OPF
897 3882 994 3950 ONM,
1019 3883 1053 3937 ad
1075 3881 1203 3936 herodem
1229 3888 1284 3945 aet,

134 3967 195 4019 edd.
217 3970 263 4034 (o),
282 3966 318 4034 os.
341 3970 386 4030 99,
407 3970 519 4034 9,·109‚
538 3972 575 4021 16
682 3971 715 4023 13
737 3971 807 4023 uiam
827 3986 877 4025 am.
896 3970 927 4024 F
1031 3970 1158 4041 regressi]
1184 3972 1285 4025 reuersi

137 4054 162 4107 Τ
180 4055 212 4115 Ca
226 4057 381 4122 praetor
399 4058 435 4123 (o)
493 4056 527 4109 14
546 4058 741 4126 praetermittit
763 4059 800 4112 V¹
818 4058 877 4116 edd.
894 4066 1039 4129 praeterp
1103 4060 1137 4113 15
1156 4076 1285 4129 praesepe

140 4142 271 4213 Vppp,
289 4144 431 4212 praesepio
450 4143 548 4198 B²TD
565 4146 602 4198 M
618 4146 707 4200 ΔΕΗ
721 4164 766 4216 pr
819 4148 952 4217 prositum
967 4148 1002 4216 B,
1021 4148 1087 4216 poni
1097 4164 1118 4215 p
1156 4148 1188 4200 17
1205 4146 1283 4217 caeli]

135 4230 263 4285 caelestis
284 4232 367 4301 (doeh
387 4235 435 4299 eo)
462 4232 515 4287 TD
536 4236 684 4289 raelmo
706 4234 829 4306 (οὐρανοῦ
848 4253 882 4291 m.
898 4240 914 4289 1
933 4236 991 4290 eod.
1016 4236 1079 4292 Vat,
1103 4242 1128 4290 et
1149 4236 1284 4290 Cantaba.

133 4319 203 4373 Luc,
225 4323 253 4384 2,
271 4322 317 4387 13)
399 4320 537 4375 dominnm
555 4322 641 4377 PVF
656 4330 675 4393 ψ
692 4341 735 4393 pr
808 4325 840 4379 19
859 4326 1034 4379 nuntiauerat
1052 4324 1091 4379 13²
1113 4323 1207 4379 011711Ἱ
1223 4322 1283 4378 edd.

129 4416 279 4478 praeterp
350 4408 493 4480 aooepitr
544 4411 578 4464 20
598 4412 636 4480 et]
656 4416 688 4465 ut
706 4412 734 4465 B

158 4531 282 4573 Xffllll
294 4535 354 4583 Aug.
369 4534 428 4574 Soet.
443 4535 478 4574 111
491 4544 544 4583 pars
557 4530 578 4575 4.
1233 4514 1248 4568 7
