3184 5234
272 469 314 534 46
624 468 652 522 S.
679 467 819 522 Aureli
847 468 1065 538 Augustini

271 662 404 729 nolunt?
433 663 536 730 adhuc
564 682 625 730 non
653 663 830 745 inueniunt,
855 664 932 746 quid
956 664 994 729 ds
1021 663 1084 730 isto
1113 664 1171 729 deo
1199 665 1320 730 Israhel
1350 684 1425 731 con·

272 773 393 835 stanter
414 769 601 854 liquidoque
622 771 838 854 pronuntient,
861 789 920 836 nec
946 789 1098 855 umquam
1126 771 1299 850 inuenient,
1322 771 1425 838 donec

271 895 345 942 eum
368 876 532 941 inueniant
555 875 650 942 deum
675 876 778 942 solum
803 895 925 954 nomm,
949 895 1054 960 aquo
1078 880 1183 942 creata
1207 881 1282 942 sunt
1305 878 1422 943 omnia.

137 983 192 1050 do.
205 988 247 1050 co
316 982 451 1048 Proinde
476 982 605 1066 quidam
628 984 775 1048 Lucanus
798 1001 934 1068 maguus
962 1002 1072 1048 corum
1099 984 1131 1048 in
1156 983 1292 1048 carmine
1316 983 1422 1050 decla·

271 1094 383 1168 mator,
408 1091 501 1156 credo
526 1093 559 1155 et
580 1091 651 1174 ipso
674 1090 728 1157 diu
757 1109 910 1173 quaerens
934 1091 1005 1155 sino
1030 1109 1185 1175 persnas
1209 1091 1422 1175 cogitationes
1461 1118 1478 1156 ι

271 1197 340 1264 siue
368 1216 425 1280 per
451 1217 582 1264 suorum
608 1197 717 1277 libros,
746 1197 894 1279 quisnam
922 1200 1008 1262 esset
1039 1197 1227 1263 Iudaeorum
1260 1198 1350 1275 deus,
1379 1201 1423 1272 et,

271 1303 345 1388 quia
368 1323 429 1370 non
453 1304 505 1387 pie
530 1303 712 1387 quaerebat,
731 1323 793 1369 non
812 1303 987 1380 inueniens‚
1007 1304 1122 1369 maluit
1139 1307 1247 1369 mmen
1263 1305 1421 1370 incertum

271 1410 376 1490 deum,
401 1429 495 1493 quem
518 1430 581 1476 non
604 1409 799 1489 inueniebat,
823 1429 917 1494 quam
935 1411 1060 1476 nullum
1079 1410 1176 1475 deum
1196 1411 1310 1488 dicere,
1330 1410 1423 1476 cuius

270 1521 336 1583 tam
359 1536 476 1602 magna
500 1517 690 1582 documenta
714 1515 881 1582 sentiebat.
905 1516 950 1580 ait
974 1517 1072 1582 onim:

820 1662 859 1724 ot
881 1659 1022 1726 dedita
1045 1660 1177 1724 sacris
1446 1684 1477 1720 ιο

377 1763 532 1830 incerti
562 1765 710 1830 Iudaea
740 1765 815 1830 dei.

271 1910 303 1972 et
330 1906 469 1973 nondum
495 1907 574 1972 deus
597 1907 660 1972 iste
684 1910 814 1972 sanctus
838 1911 871 1972 et
893 1926 989 1973 uerus
1017 1908 1096 1973 dens
1120 1907 1252 1988 Israhel,
1280 1908 1423 1973 nondum

269 2032 325 2098 per
349 2013 467 2080 Christi
492 2034 605 2080 nomen
629 2016 772 2081 tantuin
797 2014 945 2080 omnibus
974 2015 1125 2100 gentihus
1152 2015 1280 2092 iecerat,
1305 2018 1424 2097 quanta

270 2139 371 2202 usque
389 2120 421 2186 in
439 2121 629 2188 hodiernum
654 2121 737 2186 diem
756 2124 832 2206 post
848 2121 969 2186 Lucani
987 2124 1131 2205 tempora
1149 2124 1320 2186 consecuta
1338 2124 1423 2187 sunt.

268 2246 351 2292 nunc
378 2245 455 2293 uero
485 2227 557 2310 quis
584 2231 650 2293 tam
680 2227 778 2293 durus
807 2247 868 2292 non
895 2227 1062 2292 flectatur?
1090 2227 1162 2310 quis
1186 2232 1253 2293 tam
1275 2227 1423 2312 torpidus
1444 2251 1477 2290 15

268 2352 329 2400 non
352 2333 507 2419 ignescat,
531 2353 604 2400 cum
627 2333 779 2417 impletur
799 2334 882 2417 quod
901 2334 1055 2417 scriptum
1079 2337 1139 2413 est,
1164 2334 1336 2416 quianon
1360 2339 1425 2398 est

270 2441 339 2525 qui
364 2461 406 2506 se
431 2440 659 2506 abscondat
683 2458 700 2505 a
724 2439 861 2504 calore
885 2438 999 2504 eius?
1018 2439 1144 2521 quaudo
1162 2440 1226 2504 iam
1246 2438 1425 2504 clarissima

269 2548 340 2612 luco
369 2547 614 2612 manifestantur
641 2564 720 2628 qnae
748 2545 780 2610 in
810 2543 919 2610 eodem
947 2545 1081 2628 psalmo,
1109 2544 1193 2610 unde
1225 2544 1425 2610 uersiculum

269 2654 367 2718 istum
407 2651 665 2726 commemoraui,
699 2653 787 2715 tanto
826 2654 897 2716 ante
934 2649 1097 2734 praedicta
1128 2654 1224 2715 sunta
1261 2652 1422 2716 caelorum

270 2758 352 2824 enim
384 2758 510 2824 nomine
544 2761 637 2842 apost
623 2757 681 2822 toli
715 2757 834 2823 Christi
808 2756 1038 2843 tsignilicati
1070 2761 1156 2832 sunt,
1188 2757 1312 2841 quod
1305 2777 1336 2821 in
1377 2755 1475 2821 cisso

269 2865 346 2930 deus
378 2863 638 2946 praecideretur
641 2863 888 2947 tonahgelium
916 2863 1107 2929 nuntiarent
1140 2864 1206 2928 iam
1235 2883 1310 2949 ergo
1343 2855 1424 2928 caeli

270 2973 494 3036 eneruauerunt
517 2969 650 3052 gloriam
675 2969 794 3048 dei‚et
761 2988 917 3050 eopera
942 2988 1095 3034 manuum
1123 2969 1192 3035 eius
1221 2969 1424 3036 adnuntiauit

360 3247 392 3301 10
411 3247 512 3302 Lucan.
535 3246 559 3309 2,
579 3247 631 3300 592
651 3261 690 3314 sq.
743 3246 776 3299 16
794 3245 840 3301 Ps.
861 3246 903 3309 18,
923 3246 938 3298 7
989 3245 1021 3298 21
1043 3245 1077 3300 ci.
1096 3245 1139 3300 Ps.
1161 3247 1203 3308 18,
1225 3248 1293 3301 1-7

305 3387 497 3457 hiiquidcquc
520 3385 617 3455 0²MQ
634 3402 649 3439 r
730 3386 871 3438 inueniant
889 3384 1015 3437 AE¹LU
1094 3385 1179 3440 donec
1198 3403 1259 3440 curn
1277 3387 1425 3440 inueniant

269 3495 320 3534 occ,
340 3478 367 3531 L
455 3475 601 3546 equidem
620 3475 734 3528 lucanus
755 3475 792 3538 H,
812 3474 864 3528 luc.
885 3473 1028 3542 quidemr
1113 3491 1204 3530 eornm
1223 3491 1340 3544 magnus
1364 3477 1424 3547 Vq

270 3567 421 3622 declarator
441 3565 496 3633 ΟΡ,
516 3565 682 3618 declamator
701 3563 994 3634 (cimmeriam.)
1017 3562 1040 3616 0
1147 3565 1162 3616 7
1182 3567 1274 3618 tamen
1293 3579 1345 3620 ona
1365 3564 1427 3620 Ru*

268 3659 402 3711 incertum
422 3654 513 3718 (deum
529 3655 592 3718 can.)
582 3650 664 3718 )RT
698 3650 817 3718 Seuius]
835 3650 899 3718 quia
918 3649 976 3704 cius
997 3650 1155 3717 (catellii,
1175 3651 1427 3720 quieiusAELU

268 3744 353 3812 aaut]
374 3740 512 3798 atAE¹L
550 3741 584 3794 10
598 3737 676 3794 dedit
689 3737 781 3792 ms
817 3739 849 3791 12
868 3737 1056 3807 nondumlm
1074 3743 1154 3807 (croc
1174 3744 1239 3806 non)
1230 3741 1281 3806 >B
1319 3741 1354 3794 13
1374 3758 1425 3810 per

269 3832 364 3886 christi
381 3848 408 3887 n
423 3831 465 3884 t.'
458 3847 475 3883 1.
494 3847 517 3883 0.
533 3846 560 3897 g.
575 3827 634 3896 i..q
654 3843 740 3896 nsque
759 3842 811 3881 om.
830 3825 868 3881 B¹
923 3826 1176 3896 omnlhominihus
1198 3827 1235 3882 T²
1290 3828 1425 3898 gentibus

268 3936 319 3973 om.
338 3919 396 3973 ΒΤ
442 3917 475 3970 14
495 3932 581 3984 usqua
601 3931 651 3969 om.
670 3914 728 3968 ΒΤ
781 3914 853 3968 mem
869 3930 921 3967 orn.
940 3912 979 3966 B¹
1035 3919 1201 3982 consequuta
1220 3914 1260 3968 B¹
1303 3916 1336 3970 15
1356 3917 1422 3985 quis

268 4009 337 4076 tam]
356 4006 501 4075 qnisquam
523 4003 585 4058 0¹1³
708 4000 834 4071 torpidus
859 4001 888 4067 (h
905 4018 963 4070 ap
987 4001 1030 4067 02)
1051 4001 1161 4072 OPFQ,
1180 4002 1292 4072 tepidus
1316 4004 1342 4057 V
1358 4007 1424 4075 πψω

265 4113 316 4166 pc
326 4097 359 4150 ct
397 4094 430 4148 16
444 4095 573 4162 ignoscat
589 4089 631 4155 0¹,
644 4091 771 4160 ignoscat
784 4091 839 4143 PF
840 4093 858 4154 ¹,
872 4097 1003 4159 agnoscat
1016 4089 1116 4159 wo,
1130 4091 1280 4160 igniscatq
1318 4093 1350 4146 17
1364 4093 1421 4146 ianr

269 4203 321 4240 om.
342 4182 391 4238 GP
446 4183 479 4235 18
497 4179 644 4236 manifesta
663 4177 699 4233 1³¹
773 4179 878 4248 psalmo
898 4183 926 4247 (p
944 4195 965 4232 s.
987 4179 1015 4243 1.)
1034 4180 1061 4232 B
1124 4179 1158 4234 19
1175 4178 1335 4248 praedicatu
1353 4180 1425 4251 11¹0

268 4277 300 4328 21
322 4275 363 4343 ut]
391 4274 419 4327 et
436 4271 500 4338 ΕΤ,
524 4286 576 4325 ono.
598 4268 631 4323 0¹
740 4267 899 4321 nuntiarent
915 4264 1047 4330 Eum),
1068 4266 1262 4322 adnuntiarent
1280 4273 1338 4331 cet,
1357 4270 1423 4324 cdd.

268 4364 302 4415 22
322 4376 428 4414 narrau.
443 4358 469 4412 L
540 4372 650 4411 manum
665 4353 713 4422 13¹,
732 4355 767 4420 cf.
786 4357 936 4421 ereprad-3,
956 4356 991 4406 13
1064 4353 1246 4422 annunciatp
