3184 5234
293 463 334 517 de
363 481 557 518 consensu
586 465 930 534 euangelistarum
948 465 996 520 lib.
1015 464 1038 519 1.
1057 483 1115 535 cap.
1134 466 1204 521 6-7
1270 470 1308 533 11

166 660 219 726 uix
241 659 378 726 audeant
396 659 556 743 conpressi
574 658 636 724 fide
655 659 798 742 gentium
817 662 850 724 et
869 660 1008 725 omnium
1028 660 1196 726 deuotione
1213 681 1313 746 popu-

165 766 277 832 lorum.
295 785 407 832 uerum
426 770 541 844 tamen,
557 766 630 848 quia
644 768 811 831 nonnullos
830 767 933 832 adbuc
952 767 1157 833 calumniosis
1172 757 1313 852 disputa-

165 873 305 938 tionibus
320 873 388 938 suis
403 874 457 938 nel
470 873 630 938 retardant
645 893 662 937 a
676 873 748 952 tide,
767 892 807 938 ne
825 874 964 953 credant,
985 874 1038 939 uel
1054 874 1120 939 iam
1138 875 1311 953 credentes,

166 984 321 1063 quantum
331 981 502 1064 potuerint,
514 980 699 1065 exagitando
710 980 906 1062 perturbant,
921 981 1065 1046 nonnulli
1080 986 1187 1046 autern
1201 981 1313 1046 fratres

133 1086 256 1151 ssalua
283 1084 344 1150 tide
372 1095 467 1151 nosse
496 1085 685 1164 desiderant,
719 1086 795 1169 quid
826 1087 946 1152 talibus
977 1088 1188 1171 respondeant
1219 1106 1313 1171 quee-
1386 1127 1392 1133 ⁴

166 1192 334 1272 stionibus,
358 1192 412 1257 uel
444 1192 484 1258 cd
515 1195 704 1276 prouectum
737 1193 889 1258 scientiae
922 1211 998 1258 suae
1029 1194 1082 1257 uei
1114 1185 1166 1257 ad¹
1184 1185 1310 1258 illorum

166 1299 348 1381 uaniloquis
370 1298 551 1379 refellenda,
575 1298 750 1382 inspirante
774 1299 876 1382 adque
900 1299 1072 1364 adiuuante
1099 1299 1226 1364 domino
1254 1301 1311 1365 deo

164 1401 273 1472 nostro
293 1441 336 1454 -
357 1404 441 1487 quod
464 1405 586 1470 utinam
610 1410 643 1470 et
665 1395 809 1488 ipsomm
833 1407 932 1473 saluti
954 1407 1117 1488 prosit-
1137 1409 1196 1473 hoc
1220 1427 1313 1491 opere

165 1514 383 1578 demonstrare
412 1511 613 1596 suscepimus
643 1529 780 1578 errorem
803 1514 854 1578 nel
879 1514 1092 1579 temeritatem
1116 1506 1234 1593 eorum,
1258 1508 1314 1598 qui

117 1642 144 1682 ιο
166 1622 276 1684 contra
305 1611 463 1704 euangelii
492 1622 642 1702 quattuor
669 1619 778 1697 libros,
807 1615 888 1702 quos
916 1621 1132 1705 euangelistae
1164 1624 1315 1704 quattuor

165 1725 310 1809 singulos
330 1725 595 1809 conscripserunt.
616 1726 694 1790 satis
714 1729 845 1810 argutas
865 1726 1098 1792 criminationes
1122 1747 1156 1792 se
1176 1727 1313 1810 proferre

165 1832 365 1900 arbitrantur.
395 1825 483 1915 'quod
515 1835 553 1897 ut
583 1831 650 1907 fiat,
685 1849 779 1915 quam
813 1853 874 1897 non
904 1833 967 1897 sibi
994 1833 1203 1899 aduersentur
1228 1832 1313 1897 idem

165 1939 337 2022 scriptores
366 1941 527 2022 quattuor,
548 1931 787 2005 'ostendendum
813 1941 871 2005 est.
894 1940 954 2004 boc
978 1939 1062 2003 enim
1090 1941 1195 2004 solent
1223 1940 1313 2021 quasi

164 2047 304 2129 palmare
328 2064 403 2112 suae
426 2045 578 2111 uanitatis
603 2047 736 2126 obicere,
762 2047 847 2130 quod
865 2046 928 2130 ipsi
946 2046 1162 2131 euangelistae
1180 2047 1262 2111 inter
1279 2066 1314 2111 se

117 2174 146 2212 ιο
165 2153 255 2236 ipsos
280 2152 480 2218 dissentiant.
1283 2143 1286 2149 ’

212 2259 274 2326 Sed
304 2259 387 2325 illud
419 2259 508 2342 prius
541 2259 775 2325 discutiendum
809 2262 869 2337 est,
907 2259 992 2342 quod
1028 2259 1111 2326 solet
1146 2261 1314 2325 nonnullos
1339 2257 1378 2321 11

166 2385 305 2443 mouere,
339 2386 394 2432 cur
426 2368 494 2449 ipse
528 2366 674 2432 dominus
706 2367 784 2433 nihil
817 2367 990 2449 scripserit,
1023 2370 1059 2430 ut
1090 2366 1162 2432 aliis
1178 2352 1229 2431 ¹de
1257 2367 1313 2432 illo

167 2473 380 2540 scribentibus
417 2491 548 2544 necesse
584 2474 629 2539 sit
660 2474 796 2540 credere.
830 2475 891 2539 boc
923 2473 1006 2539 enirn
1040 2473 1150 2538 dicunt
1180 2473 1229 2537 illi
1260 2474 1315 2538 uel

167 2579 302 2645 maxime
324 2581 449 2665 pagani,
474 2581 528 2664 qui
552 2579 714 2644 dominum
737 2580 844 2662 ipsum
867 2580 975 2645 Iesum
999 2579 1162 2646 Christum
1187 2580 1313 2662 culpare

117 2703 147 2742 20
168 2690 223 2760 aut
247 2687 550 2769 blasphemarenon
579 2687 697 2754 audent
723 2685 816 2769 eique
844 2686 990 2754 tribuunt
1017 2686 1314 2754 excellentissimam

168 2793 366 2875 sapientiam,
391 2793 448 2858 sed
470 2796 576 2858 tamen
599 2797 763 2877 tamquam
785 2793 918 2870 bomini,
944 2792 1118 2878 discipulos
1142 2811 1216 2857 uero
1245 2792 1314 2857 eius

168 2899 278 2964 dicunt
309 2900 463 2986 magistro
496 2918 554 2964 suo
588 2900 725 2984 amplius
759 2885 909 2964 tribuisse
942 2919 1034 2982 quam
1070 2903 1145 2977 erat,
1177 2902 1215 2963 ut
1241 2918 1314 2963 eum

167 3004 270 3072 filium
295 3005 346 3072 dei
370 3005 510 3070 dicerent
533 3008 565 3071 et
588 3006 721 3071 uerbum
742 3006 803 3084 dei,
822 3026 878 3090 per
897 3005 982 3090 quod
1000 3005 1084 3071 facta
1102 3007 1179 3071 sunt
1198 3005 1315 3081 omnis,

168 3115 200 3177 et
222 3113 330 3196 ipsum
355 3131 391 3178 ac
414 3112 509 3180 deum
532 3115 654 3196 patrem
677 3131 775 3178 unum
802 3131 882 3189 esse,
902 3131 939 3178 ac
962 3111 989 3176 si
1013 3131 1075 3195 qua
1099 3109 1217 3177 similia
1240 3117 1316 3176 sunt

258 3356 290 3408 21
312 3355 345 3410 ci.
364 3358 474 3412 retract.
494 3356 519 3423 2,
540 3357 572 3412 16
628 3357 661 3411 23
682 3356 715 3411 ci.
728 3356 792 3430 ¹Ioh.
815 3357 839 3420 1,
858 3357 888 3423 3;
909 3358 957 3421 343
981 3356 1021 3422 17,
1040 3357 1076 3412 22

203 3481 219 3534 2
239 3480 497 3550 disputatiomnibus
517 3485 553 3549 (m
573 3481 655 3552 erue.)
674 3481 720 3550 13⁸,
741 3481 972 3551 disputationibus
995 3480 1055 3536 0¹1³
1099 3481 1116 3534 4
1135 3484 1282 3552 potnerunt
1291 3498 1315 3550 p

167 3567 330 3638 exagitando
349 3570 395 3632 Be,
415 3569 544 3638 agitando
563 3559 611 3624 cet.
693 3571 709 3624 6
728 3574 886 3640 prouectum
906 3570 971 3624 B⁸R
989 3569 1049 3641 MQ
1066 3569 1232 3640 flentur,
1251 3587 1313 3640 pro·

165 3658 269 3711 fectum
291 3657 345 3712 ΤΠ
366 3657 472 3712 OPVF
491 3657 553 3712 ON³
572 3657 638 3714 edd:
742 3659 757 3711 7
777 3658 928 3713 refellenda
947 3658 1071 3715 BeRTD
1092 3657 1156 3712 ΟΝ*
1175 3674 1313 3727 percon,
1428 3725 1431 3728 ἢ

164 3745 323 3816 repellenda
343 3744 452 3800 OPVF
466 3745 527 3816 Mp
544 3746 745 3817 sausoure
750 3746 842 3817 ppei
861 3749 950 3817 (repp
969 3747 1009 3814 Η,
1028 3745 1109 3800 -enda
1123 3744 1159 3814 L)
1215 3745 1313 3815 adque]

166 3839 259 3890 autem
279 3838 396 3904 atqnep
467 3825 580 3889 iuuante
600 3824 630 3888 ¹V
695 3836 760 3890 Set
778 3852 829 3890 om.
848 3835 904 3888 ΡΥ
974 3834 1131 3889 illorumV
1192 3835 1314 3889 dsnsci-

165 3941 262 3995 pemus
285 3922 352 3992 0¹1³,
371 3913 532 3992 suscipimus
551 3924 581 3978 F
661 3925 692 3978 11
714 3928 873 3993 argumenta
891 3923 918 3978 L
1001 3925 1034 3978 12
1053 3925 1145 3994 quam]
1164 3923 1236 3995 quod
1258 3924 1314 3992 GP,

167 4030 221 4082 quo
241 4012 291 4080 F1,
310 4029 390 4082 quarn
408 4014 440 4066 in
457 4029 514 4067 rae.
534 4011 582 4076 13²,
603 4015 735 4083 quantum
755 4011 788 4066 8²
860 4030 913 4066 non
932 4029 984 4067 om.
1002 4030 1037 4066 m.
1058 4013 1127 4066 113⁸
1218 4011 1319 4066 aduer:

166 4104 256 4155 sintur
277 4100 319 4170 0¹,
340 4101 517 4156 aduersantur
535 4101 568 4156 H
576 4101 587 4155 1
640 4101 679 4154 bii
698 4100 770 4156 idern
790 4103 818 4173 d,
836 4101 919 4154 iidem
938 4103 1061 4156 rasim
1100 4103 1133 4155 14
1150 4102 1267 4172 palmenr
1286 4099 1317 4154 F

167 4191 388 4260 ξπχψρφναεῑ
425 4191 457 4245 17
477 4191 535 4260 ipse
556 4191 679 4245 dominus
699 4189 789 4257 bo'eL,
808 4191 867 4260 ipse
883 4191 952 4245 deus
966 4191 1023 4258 Dp
1062 4191 1095 4246 19
1113 4190 1245 4244 maximae
1266 4189 1315 4243 GP

166 4281 257 4348 ipsum
277 4277 417 4332 dominum
436 4278 514 4347 Dm,
533 4280 622 4350 ipsum
641 4280 711 4333 dom.
726 4280 845 4350 ipsumr
889 4279 924 4334 20
943 4281 1001 4349 ant]
1020 4280 1109 4350 uelQ
1162 4279 1186 4332 ei
1207 4279 1252 4348 qni
1266 4279 1314 4339 1⁴²¹,

168 4371 197 4422 et
216 4369 263 4437 qui
282 4367 311 4420 P
382 4367 535 4421 attribuunt
553 4383 620 4422 rae
674 4368 708 4422 23
728 4369 802 4438 sunt]
822 4385 873 4423 om.
893 4368 993 4430 A¹EL‚
1014 4370 1077 4422 sunt
1096 4372 1124 4421 et
1145 4367 1206 4422 0¹1³
