3184 5234
292 419 324 482 Π
751 416 971 470 Praefatio.

291 612 368 676 item
386 613 439 676 ubi
459 610 543 676 dici:
567 609 690 676 Lucas
713 631 801 676 uero
823 611 1018 694 adipsum
1040 613 1175 677 Dauid
1191 634 1262 694 per
1284 615 1440 678 Natleau

291 717 473 794 asceudit,
501 738 571 798 per
603 739 705 799 quem
731 718 954 799 proplietam
981 719 1070 783 deus
1091 724 1287 800 peccatam
1313 724 1439 802 ipsius

290 825 473 906 expiauit,
491 845 553 906 per
575 827 664 889 cuius
687 827 825 889 aomiuis
842 826 1029 906 prophetam
1047 825 1149 891 dicere
1168 826 1270 902 debui,
1289 848 1328 890 ue
1346 832 1439 908 puta-

290 935 377 995 retur
400 930 482 996 idem
504 930 601 1010 fuisse
623 931 722 1008 homo,
746 950 817 994 cum
838 932 918 995 alter
939 931 1043 1011 fuerit,
1067 934 1213 1013 quamuis
1239 938 1269 996 et
1295 935 1363 1014 ipse
1383 933 1440 998 tuoe

289 1043 464 1103 uocaretur.

334 1145 406 1209 Hoc
425 1164 503 1226 opus
519 1147 565 1209 sic
583 1147 711 1225 iucipit:
730 1143 839 1210 luter
857 1165 979 1209 omues
1000 1146 1158 1209 diuiuas
1180 1148 1436 1210 auctoritates.
1471 1184 1478 1202 ι

334 1252 496 1338 Intellegit
519 1255 625 1316 autem
649 1271 745 1316 annos
769 1253 889 1334 primos
914 1252 1117 1334 episcopatus
1140 1253 1202 1330 sui,
1222 1253 1277 1335 qui
1296 1253 1439 1317 efficiunt

288 1359 427 1424 lustrum
446 1358 533 1423 uitae
552 1358 721 1438 decimum,
736 1359 856 1423 saeculi
876 1359 981 1441 quarti
1000 1359 1159 1423 ultimum.
1174 1377 1247 1423 nam
1267 1378 1339 1423 cum
1360 1377 1438 1424 anno

289 1465 403 1530 aetatis
428 1483 504 1534 suae
528 1464 770 1549 quadragesimo
795 1465 905 1548 quinto
928 1464 1068 1546 proxime
1092 1463 1239 1529 incohato
1264 1464 1333 1530 siue
1357 1484 1437 1529 anno

288 1591 320 1653 p.
345 1570 418 1636 Chr.
441 1590 472 1634 n.
496 1570 720 1635 trecentesimo
744 1571 949 1655 nonagesimo
974 1570 1084 1652 quinto
1108 1573 1239 1635 exeunte
1267 1571 1437 1654 episcopus

288 1677 393 1742 faetus
422 1679 518 1753 esset,
545 1676 683 1759 primum
712 1695 792 1760 opus
822 1676 951 1760 scripsit
978 1675 1016 1740 de
1043 1676 1180 1742 diuersis
1207 1677 1438 1762 quaestionibus

288 1783 331 1848 ad
354 1782 607 1863 Amplectamur,
632 1783 724 1846 cuius
747 1784 940 1848 mentionem
962 1783 1039 1848 fecit
1061 1783 1111 1848 his
1130 1783 1238 1848 uerbis
1256 1787 1329 1848 retr.
1349 1785 1380 1858 2,
1403 1785 1435 1846 1:

289 1889 450 1966 librarian,
479 1907 555 1969 quos
582 1891 744 1970 episcopus
771 1890 944 1966 elatorum,
963 1893 1083 1970 primi
1105 1889 1168 1954 duo
1194 1894 1268 1953 suut
1290 1890 1334 1952 ad
1357 1889 1436 1952 Sim-

281 1995 461 2076 pliciauum
493 1994 635 2060 ecciesiae
666 1995 919 2060 Mediotaueusis
955 1997 1136 2073 antistitem,
1173 1999 1228 2076 qui
1259 1996 1436 2060 beatissimo

286 2102 433 2165 successit
464 2099 642 2178 Ambrosio,
675 2101 712 2166 de
748 2103 885 2166 diuersis
922 2102 1168 2183 quaestiouibus,¹
1205 2102 1243 2165 de
1279 2103 1435 2184 praedest.

287 2213 384 2273 sanct.
406 2209 437 2284 4,
458 2210 494 2272 8:
516 2208 546 2271 si
568 2211 736 2284 curasscut,
759 2209 956 2273 iuueuisseut
978 2211 1074 2272 istum
1097 2209 1307 2289 quaestionem
1328 2229 1435 2272 secuu-

287 2315 362 2378 dum
384 2317 546 2379 ueritatem
569 2314 754 2378 diuiuarum
776 2316 1006 2396 scripturarum
1023 2314 1159 2378 solutam
1176 2317 1213 2378 iu
1228 2317 1336 2394 primo
1355 2314 1433 2379 libro

287 2421 429 2497 duorum,
458 2441 533 2506 quos
561 2421 603 2484 ad
630 2422 737 2485 beatae
763 2424 933 2485 meueoriae
961 2421 1203 2502 Simpliciauum
1229 2423 1343 2503 scripsi
1370 2422 1434 2502 epi-

285 2549 412 2609 scopum
440 2525 690 2592 Mediotaueusis
717 2527 868 2604 eeclesiae,
896 2530 1001 2592 saucii
1026 2527 1189 2592 Ambrosii
1218 2547 1432 2605 successorem,

287 2635 326 2698 iu
349 2635 431 2714 ipso
455 2632 609 2698 eucrotia
632 2634 872 2714 episcopatus
894 2634 980 2708 mei;
999 2633 1037 2698 de
1057 2633 1138 2697 dono
1157 2651 1280 2714 persea.
1300 2635 1353 2706 20,
1373 2634 1431 2697 52:

280 2739 409 2822 pteuius
431 2759 540 2820 sapere
563 2741 646 2819 coepi
668 2741 704 2802 iu
727 2760 764 2803 ea
781 2739 1003 2820 disputatione,
1023 2759 1117 2820 quam
1134 2741 1246 2820 scripsi
1265 2737 1309 2802 ad
1327 2739 1434 2802 beatae

284 2849 451 2910 memoriae
476 2843 727 2924 Simpliciauum,
747 2845 925 2926 episcopum
942 2843 1192 2909 Mediolaueusis
1213 2845 1368 2922 ecclesiae,
1392 2847 1432 2908 iu

284 2953 354 3015 mei
381 2953 622 3032 episcopatus
650 2950 814 3026 ceordic,
843 2949 971 3034 quoodo
997 2954 1026 3014 et
1051 2951 1182 3014 iuitium
1206 2949 1287 3032 fidei
1315 2948 1432 3013 domum

284 3058 335 3122 dei
353 3077 417 3122 csse
435 3058 567 3140 coquoui
585 3062 614 3120 et
632 3059 770 3132 asserui;
789 3057 830 3121 ib.
850 3059 903 3133 21,
924 3058 981 3121 55:
1004 3055 1145 3133 uideant,
1170 3059 1308 3138 iuquam,
1327 3060 1432 3118 utrum
1528 3094 1532 3102 ·

283 3167 320 3228 iu
338 3163 440 3248 primi
463 3163 535 3226 libri
552 3163 781 3243 posterioritas
798 3164 947 3244 partibus
970 3183 1074 3228 eorum
1093 3163 1237 3238 duorum,
1260 3181 1337 3247 quas
1362 3164 1431 3225 mei

283 3273 533 3352 episcopatus
554 3269 680 3344 tuitio,
705 3273 873 3350 autequam
895 3267 1074 3352 Pelaqiaua
1096 3269 1233 3332 taeresis
1254 3271 1430 3349 appareret,

283 3377 327 3440 ad
346 3374 590 3457 Simpliciauum
607 3371 875 3440 Mediotaueusem
897 3378 1075 3465 episcopum
1097 3375 1221 3456 scripsi,
1244 3375 1432 3438 remauserit

283 3483 416 3563 aliquid,
450 3501 509 3562 quo
542 3487 669 3546 uocetur
700 3484 736 3545 iu
764 3483 896 3546 dubimu
921 3484 1061 3564 qratiam
1087 3482 1139 3546 dei
1165 3501 1231 3544 uou
1261 3482 1431 3546 secuudum

282 3593 395 3654 merita
418 3593 528 3654 mostra
550 3589 633 3653 dari.
659 3588 697 3652 cf.
723 3589 760 3653 de
780 3592 852 3654 octo
871 3589 1007 3653 Dulcitii
1026 3591 1147 3671 quaest.
1168 3590 1198 3664 6,
1215 3591 1248 3662 2;
1269 3588 1361 3671 epist.
1377 3589 1429 3652 37.

329 3695 464 3762 Sanctus
490 3695 616 3779 quidem
638 3695 827 3760 Ambrosius
846 3696 931 3761 diem
954 3715 1138 3780 supremum
1162 3696 1243 3762 obiit
1265 3717 1344 3761 anno
1365 3697 1428 3761 397

282 3803 383 3888 pridie
416 3805 533 3888 pascha
565 3803 741 3868 secundum
764 3803 948 3883 Paulinum,
979 3805 1066 3868 uitae
1099 3804 1296 3888 scriptorem,
1327 3804 1429 3885 pridie

282 3911 390 3975 Nonas
408 3911 533 3994 Apriles
553 3911 597 3994 (4.
611 3911 702 3994 Apr.)
723 3929 758 3974 ex
776 3909 838 3975 fide
857 3911 1165 3994 martyrologiorum,
1184 3911 1303 3993 pascha
1321 3911 1428 3973 autem

283 4034 362 4081 anno
387 4017 450 4081 397
475 4016 508 4081 in
532 4017 616 4080 diem
640 4017 786 4100 quintum
810 4017 928 4082 mensis
947 4017 1065 4100 Aprilis
1088 4017 1210 4082 incidit.
1229 4017 1303 4080 libri
1320 4017 1428 4100 igitur,

283 4143 362 4205 quos
401 4121 605 4205 Simpliciano
643 4123 682 4186 ad
722 4123 811 4187 illam
849 4123 1037 4206 dignitatem
1078 4126 1193 4188 uocato
1227 4122 1427 4207 Augustinus

282 4228 420 4311 scripsit,
444 4228 517 4292 inde
541 4229 579 4292 ab
603 4227 715 4293 eodem
738 4247 818 4293 anno
838 4229 902 4294 397
923 4247 958 4293 en
977 4227 1084 4293 ordine
1103 4231 1283 4308 temporum
1301 4230 1427 4291 retract.

283 4337 314 4414 2,
349 4335 456 4399 1-16
489 4333 648 4420 (27-42)
688 4335 822 4400 enarrati
860 4335 906 4399 ita
943 4353 976 4398 ss
1014 4335 1187 4417 excipiunt:
1220 4334 1258 4398 de
1291 4333 1426 4398 diuersis
