3184 5234
646 454 862 510 Praefatio.
1205 456 1330 522 XVIIII

183 649 356 732 praemissa
384 653 458 715 sunt
485 653 556 716 octo
585 651 758 725 chartacea,
785 650 819 714 in
847 669 981 732 quorum
1013 651 1113 732 primo
1146 649 1329 716 adnotatum

184 763 245 820 est:
271 755 322 820 lib.
350 754 548 821 Corthnstcn.
577 755 656 820 Bos.
680 759 815 820 continet
841 756 1081 822 concordantias
1107 756 1328 839 enonpettstor.

188 861 300 926 Oretnr
312 883 374 943 pro
392 865 502 926 animo
519 862 711 926 uenerabilis
728 863 794 926 niri
809 863 867 927 dni
879 863 1034 928 Antteonti
1048 863 1206 944 qnondam
1219 863 1331 928 ocean

183 967 397 1051 Rinfeldcnsis
420 970 475 1050 qni
496 971 601 1050 ipsnns
623 970 712 1034 nobis
735 990 805 1034 cnm
822 969 973 1050 pluribus
1000 970 1076 1034 otiis
1103 970 1193 1034 tibris
1216 970 1332 1052 14444411

184 1078 282 1139 1429.
305 1075 335 1138 14
360 1075 435 1140 folio
460 1076 597 1141 secundo
617 1077 796 1142 chartaceo:
817 1079 874 1140 iste
893 1075 970 1140 liter
987 1081 1033 1140 est
1054 1075 1178 1142 Gortns.
1196 1074 1276 1140 Bos.
1295 1077 1333 1142 in

185 1201 244 1260 ono
267 1180 440 1246 continetur
462 1181 662 1263 Arcpnsttnns
685 1181 723 1246 etc
751 1181 917 1246 corscordio
940 1182 1184 1265 cnnnpetiornrn.
1212 1183 1330 1246 librum

184 1287 356 1354 donauerat
386 1289 578 1354 monasterio
612 1287 891 1356 Carthasianorum
924 1270 1080 1354 Antonius
1112 1288 1330 1354 Rutschmenn

185 1394 253 1458 siue
284 1395 459 1460 linet-mann
499 1395 635 1460 decanus
669 1395 934 1474 Rheinfeldensis‚
972 1396 1009 1459 de
1047 1415 1110 1478 quo
1138 1396 1177 1461 41.
1211 1394 1242 1461 G.
1274 1394 1330 1460 Clu.

184 1500 347 1564 Bernoulli
368 1500 401 1564 in
425 1501 536 1565 Basler
557 1501 826 1566 141414411895
850 1489 934 1566 Uter
955 1521 1067 1566 sensere
1088 1501 1173 1566 otton
1190 1499 1331 1567 Ktostcr·

184 1605 384 1672 tittiotlrctccn
411 1627 439 1688 p.
471 1609 522 1671 11.
549 1607 582 1672 iu
614 1608 691 1674 folio
719 1607 960 1674 membranaceo
990 1608 1186 1692 repictus
1217 1608 1331 1674 incerti

185 1714 339 1780 auctoris:
371 1712 459 1798 Repo
489 1734 547 1778 nos
577 1713 692 1794 fratres
722 1719 757 1778 nt
788 1718 825 1779 in
855 1714 937 1780 nien
967 1719 1110 1780 sonctnm
1142 1714 1332 1779 dominicrnn

186 1819 307 1884 4411444
333 1839 412 1902 opos
438 1819 577 1901 sociatis.
605 1821 707 1906 ipsius
736 1822 841 1905 operis
868 1821 949 1888 liber
974 1822 990 1886 Ι
1016 1821 1130 1904 incipit
1155 1822 1188 1886 in
1214 1821 1269 1886 fol.
1301 1825 1333 1885 l'

183 1925 275 1990 Inter
301 1945 414 1994 ornnes.
444 1928 529 1992 sicut
560 1927 598 1992 ab
633 1927 725 1994 initio
757 1929 805 1994 sic
838 1928 934 1994 etiam
965 1927 998 1991 in
1029 1927 1091 1993 fine
1123 1927 1231 1994 addita
1258 1931 1337 1993 sunt
1458 2014 1460 2019 Ι

186 2035 258 2098 4414
282 2033 359 2098 14114
382 2033 555 2100 chartacea.
581 2033 722 2100 codicem
746 2035 883 2100 eontulit
904 2053 1012 2099 meum
1034 2033 1067 2098 in
1086 2054 1181 2100 usum
1201 2033 1335 2101 Carolus

186 2139 385 2216 Weilnboclr,
422 2143 544 2222 partem
580 2141 648 2226 ipse
680 2141 862 2217 4414441441,
900 2142 1018 2216 locum,
1057 2142 1095 2208 de
1127 2161 1190 2223 quo
1226 2145 1333 2206 tamen

186 2252 299 2329 postes
317 2247 548 2326 dubitaueram,
574 2267 660 2314 amc
683 2253 814 2334 rogatus
839 2247 873 2315 O.
896 2247 953 2313 Ch,
977 2247 1141 2312 Bernoulli
1163 2247 1331 2311 bibliothe-

188 2371 242 2417 cae
266 2354 444 2436 praefectus
467 2353 614 2436 inspexit,
639 2353 690 2420 oui
713 2355 782 2420 uiro
808 2354 995 2420 doctissimo
1019 2355 1138 2439 gratias
1163 2373 1234 2438 ago.

232 2458 335 2524 Codex
377 2459 647 2538 114414444414,
686 2479 768 2526 nunc
806 2460 1045 2526 Aurelianensis
1085 2461 1149 2525 156
1182 2479 1265 2526 4444.
1301 2455 1388 2525 XO

185 2565 369 2648 praemissis
403 2565 527 2631 duobus
560 2567 647 2632 foliis
682 2567 901 2632 definitionum
924 2569 1010 2650 (pag.
1037 2565 1137 2650 1-4)
1167 2567 1331 2648 hocopus

186 2673 408 2754 complectitur
440 2674 700 2754 quaternionibus
733 2693 795 2738 uno
829 2676 861 2737 et
892 2673 1009 2758 uiginti
1046 2675 1132 2738 foliis
1168 2675 1230 2738 168
1259 2673 1332 2737 inde

187 2799 205 2843 4
237 2799 308 2862 pag.
343 2782 364 2844 5
396 2799 499 2862 usque
537 2780 576 2844 ad
603 2799 676 2864 pag.
706 2783 769 2845 337
800 2783 835 2845 in
866 2781 1016 2846 tenetote
1048 2783 1227 2846 contexione
1259 2782 1333 2859 394,

189 2887 239 2950 15.
265 2885 377 2950 deinde
410 2906 428 2948 4
460 2886 566 2950 uerbis
592 2887 699 2950 cornio
731 2890 897 2968 superiora
920 2906 1022 2969 usque
1047 2887 1085 2950 ad
1110 2886 1203 2950 linem
1229 2888 1332 2950 omnia

188 2992 311 3056 desunt.

234 3098 337 3164 Codex
375 3098 640 3166 cluniacensis
683 3102 735 3181 54,
773 3119 856 3164 nunc
892 3100 1057 3164 Parisinus
1100 3101 1186 3164 1442
1227 3097 1334 3183 (nour.
1360 3095 1400 3159 N

188 3205 279 3289 444),
318 3224 399 3270 4444.
437 3205 466 3270 X
505 3206 558 3271 fol.
594 3208 656 3272 192
698 3206 818 3274 libellis
861 3208 987 3272 constat
1027 3207 1144 3290 uiginti
1185 3205 1334 3287 quinque.

189 3331 322 3394 quorum
347 3312 469 3394 primus
493 3313 672 3396 pariterque
696 3312 871 3378 uicesimus
896 3316 1028 3395 quartus
1053 3332 1125 3378 cum
1155 3331 1231 3376 casu
1260 3330 1334 3393 quo-

190 3419 261 3483 dam
284 3419 520 3484 intercidissent
549 3439 566 3483 4
592 3419 722 3484 11144414
751 3419 873 3484 saeculi
896 3420 957 3483 XII
981 3420 1122 3503 suppleti
1147 3421 1231 3483 sunt.
1255 3418 1334 3483 haee

189 3526 411 3608 supplementa
448 3529 522 3590 suut
559 3545 612 3590 sex
649 3525 725 3590 14114
760 3525 865 3607 prima
900 3545 1002 3607 usque
1039 3527 1078 3590 ad
1120 3525 1217 3589 uerba
1253 3543 1333 3605 quae
1357 3522 1404 3587 N·

189 3635 325 3698 suntin
357 3631 535 3717 cnontpctio
568 3631 711 3716 cepimus)
747 3633 796 3712 16,
830 3633 873 3696 22
907 3635 939 3696 41
971 3636 1121 3714 quattuor
1156 3631 1233 3696 folia
1271 3631 1334 3696 183

190 3739 298 3804 -186
322 3738 520 3821 enonpetinrn
543 3740 618 3814 404,
644 3740 684 3802 17
709 3757 812 3820 usque
836 3739 875 3802 ad
899 3739 979 3803 144414
994 3738 1083 3821 filios
1104 3738 1236 3819 faciente
1259 3739 1334 3810 413,

190 3848 241 3912 22.
261 3845 433 3930 singularis
453 3846 596 3912 condicio
617 3849 667 3920 cst
686 3845 874 3910 ultimorum
898 3865 951 3910 sex
973 3844 1123 3910 foliorum
1148 3844 1334 3921 187-192,

191 3972 324 4035 quorum
361 3953 459 4017 uerba
496 3970 576 4034 quae
614 3955 689 4018 sunt
725 3954 942 4015 connscmorot
977 3952 1052 4029 413,
1091 3953 1133 4015 22
1166 3937 1335 4031 usquead

184 4058 281 4138 pedes
305 4058 395 4122 tonat
418 4060 493 4138 418,
520 4061 560 4122 15
583 4059 654 4139 1444
678 4057 806 4140 quidem
835 4057 947 4122 eodem
969 4057 1026 4122 illo
1056 4058 1183 4122 saeculo
1212 4055 1334 4120 decimo

192 4167 370 4248 conscripta
398 4169 482 4244 sunt,
513 4166 569 4231 sed
597 4166 635 4230 ab
666 4165 728 4230 alio
756 4164 884 4229 librario
913 4167 1038 4231 4444414
1066 4169 1098 4228 41
1126 4183 1161 4228 44
1189 4182 1225 4227 44
1248 4162 1335 4225 fonte

192 4271 343 4351 (14414414,
371 4271 454 4336 unde
483 4271 578 4336 etiam
608 4272 634 4335 Β
664 4270 837 4334 descendit.
871 4290 966 4352 quare
999 4270 1038 4333 41
1070 4271 1148 4334 haec
1176 4287 1229 4333 444
1260 4267 1336 4331 tolia

192 4379 260 4444 sola
292 4381 425 4462 spectat,
459 4378 543 4461 quod
576 4377 756 4458 Leopoldus
788 4377 910 4445 Delisle
942 4377 1115 4461 proposuit,
1153 4395 1226 4441 cum
1257 4373 1337 4436 dixit

1266 4479 1299 4531 t*
