3184 5234
606 483 824 539 Praefatio.
1165 493 1292 557 XXVII

145 680 185 742 19
218 699 319 760 repom
354 716 392 725 -
428 680 480 754 97,
518 681 557 742 12
591 681 703 758 0199,
738 684 757 746 9
781 702 842 762 per
869 682 1028 747 Herodem
1060 721 1104 765 ὴ-
1140 687 1213 763 113,
1250 689 1289 750 18

143 782 306 849 Nenenene
323 821 367 832 —
392 786 466 863 137,
487 788 506 849 2
526 785 615 848 iiinin
639 823 683 834 --
704 787 777 865 191,
805 790 844 851 10
870 791 995 867 01192,
1022 792 1061 854 11
1087 794 1230 856 conennii
1248 829 1292 840 -

143 892 218 969 316,
246 893 285 956 19
308 912 412 955 menen
433 912 563 975 0000000
582 930 625 938 -
649 896 717 958 tum
736 894 752 957 I
771 895 804 958 ΙΙ
822 895 883 959 IV:
907 898 982 975 255,
1004 899 1045 961 25
1070 897 1187 977 afluere
1212 937 1249 946 -
1277 899 1293 963 I

142 1001 176 1061 et
193 999 256 1063 HI:
276 1002 306 1077 3,
330 1001 370 1063 10
388 1003 515 1080 prienes
535 1037 576 1046 -
597 1003 650 1079 22,
674 1003 695 1064 4
715 1001 825 1082 prodii
846 1041 884 1048 —
906 1004 960 1081 44,
980 1005 1000 1067 3
1024 1004 1135 1068 boloni
1156 1043 1193 1054 -
1217 1008 1290 1080 118,

145 1106 186 1168 10
210 1104 264 1168 scd
285 1103 423 1169 Pontius
444 1104 572 1170 Piiotns
599 1125 665 1170 non
687 1127 744 1170 ren
771 1145 815 1154 ——
846 1110 919 1186 133,
951 1111 992 1173 10
1019 1110 1192 1174 06010-
1218 1115 1291 1190 148,
1369 1164 1374 1178 .

142 1214 185 1276 22
204 1233 242 1275 en
259 1211 338 1276 noro
355 1212 414 1276 itin
428 1251 470 1260 -
487 1214 560 1291 163,
581 1217 600 1278 2
621 1213 807 1278 credundum
822 1252 864 1262 -
883 1216 958 1293 174,
981 1218 1021 1282 17
1041 1221 1291 1299 0010000000-

145 1319 219 1396 184,
246 1321 287 1384 14
315 1319 476 1400 fnisse-
502 1321 577 1399 338,
609 1322 649 1384 18
674 1321 1048 1404 01000011..0000001001
1071 1361 1115 1370 -
1143 1327 1218 1402 387,
1248 1329 1290 1391 22

141 1425 285 1489 uiderent
307 1461 351 1472 —-
374 1426 390 1489 Ι
417 1425 466 1490 ΠΙ
487 1425 549 1491 IV:
578 1429 609 1501 2,
639 1427 658 1490 6
686 1427 872 1508 quibuslibet
895 1465 938 1476 —-
964 1433 993 1508 7,
1019 1433 1038 1493 2
1060 1451 1121 1512 per
1144 1431 1225 1512 qnod
1250 1469 1288 1478 -

144 1533 195 1608 10,
224 1532 263 1596 16
287 1532 403 1614 sntipit
425 1567 470 1578 —
493 1534 545 1611 40,
571 1533 590 1598 8
615 1532 761 1597 dominns
787 1554 872 1598 unns
893 1573 938 1580 -—
961 1537 1014 1613 57,
1042 1538 1080 1599 11
1105 1535 1293 1620 influebant

142 1637 332 1716 -117,11
357 1641 583 1702 insoniunt-
600 1640 673 1718 159,
695 1641 714 1702 2
733 1637 869 1704 Marone
887 1679 931 1688 —
950 1642 1025 1718 208,
1042 1645 1061 1706 2
1081 1663 1151 1706 curn
1168 1643 1292 1707 eusdem-

142 1743 273 1809 100000.
291 1793 298 1807 .
316 1796 322 1811 .
332 1748 430 1826 punit
458 1782 501 1790 —
525 1747 600 1825 233,
630 1747 649 1809 6
678 1745 862 1810 01001000-
890 1749 966 1824 313,
996 1750 1015 1811 3
1043 1748 1190 1811 0001-
1215 1751 1289 1826 319,

142 1851 217 1914 din
240 1851 425 1914 iocinn—-I
450 1855 481 1915 01
504 1851 563 1914 IV:
589 1851 663 1928 287,
691 1853 731 1916 18
754 1852 848 1915 milio
871 1852 1145 1935 iepionee—IV:
1170 1858 1222 1933 41,
1250 1858 1289 1919 17

141 1957 276 2020 crudiunt
299 1958 323 2020 L
347 1960 574 2038 -postremo
598 1957 682 2020 haud
706 1957 771 2022 scio
797 1977 836 2022 an
864 1978 971 2022 ueram
995 1961 1163 2024 lectionem
1188 1962 1292 2025 tradat

142 2065 187 2128 IV
212 2065 288 2140 317,
316 2066 357 2128 14
379 2063 507 2145 potinus
533 2102 577 2110 -—
599 2063 641 2128 ib.
674 2065 714 2128 17
730 2063 826 2147 soros
852 2064 968 2130 nubens
994 2086 1041 2147 ep.
1069 2087 1132 2130 cor.
1157 2103 1200 2114 —
1223 2089 1291 2150 per·

140 2173 254 2236 multis
292 2172 427 2254 denique
464 2171 543 2236 locis
581 2171 718 2255 genuine
754 2173 852 2236 uerba
889 2192 926 2236 ex
962 2175 1103 2238 omnium
1141 2179 1292 2256 quattuor

141 2277 292 2344 classimu
318 2296 472 2343 consensu
497 2278 634 2342 restitui.

185 2385 253 2448 Iam
290 2403 365 2449 uero
400 2403 480 2466 quae
512 2385 652 2448 rationes
684 2384 767 2449 inter
800 2386 944 2469 singulos
981 2388 1135 2469 cuiusque
1172 2388 1290 2453 ordinis

141 2490 267 2555 codices
291 2490 497 2568 intercedant,
522 2491 583 2554 alin
607 2491 677 2555 loco
702 2509 864 2572 exponam.
888 2511 991 2574 neque
1014 2494 1113 2557 altera
1136 2495 1290 2576 quaestio,

142 2616 223 2679 qnae
247 2597 310 2660 iam
330 2597 482 2673 nascitur,
506 2595 566 2660 hoo
589 2597 670 2660 mihi
692 2598 762 2661 Ioco
789 2597 991 2662 diiudicanda
1012 2599 1151 2664 uidetur.
1176 2600 1292 2664 etenim

142 2723 215 2768 cum
240 2704 316 2780 298,
342 2706 381 2767 21
408 2723 445 2766 00
469 2721 547 2784 quac
572 2703 610 2765 de
634 2703 819 2767 testimonio
847 2704 902 2767 illo
926 2705 1025 2772 Mero.
1052 2708 1103 2783 14,
1129 2706 1171 2770 70
1196 2707 1291 2788 expli·

141 2809 233 2874 cundi
262 2828 357 2874 causa
384 2809 543 2874 dicantur:
572 2809 708 2872 Morene
735 2813 840 2872 aniene
866 2813 948 2874 inter
973 2831 1006 2875 ee
1033 2811 1104 2875 iilos
1132 2810 1170 2875 de
1196 2810 1291 2880 Petro

141 2915 467 2980 locutosdieitrnene
490 2914 618 2978 cnidiis
646 2919 697 2993 esi,
725 2935 801 2978 00οι
828 2920 857 2979 ei
883 2916 1048 2981 Guiiioens
1075 2923 1128 2992 est,
1156 2921 1237 2981 sicin
1264 2923 1293 2980 et

139 3021 248 3086 10000
271 3042 336 3085 000
362 3020 465 3100 Petro,
488 3021 542 3084 sed
565 3021 603 3084 de
630 3019 725 3084 Petro
754 3020 848 3085 dicii:
870 3022 954 3086 olins
1049 3043 1125 3086 nun
1148 3029 1177 3086 et
1203 3023 1291 3086 Goli-

141 3129 229 3192 ioene
244 3135 296 3206 est,
308 3130 346 3192 ab
359 3129 439 3210 10010
454 3129 630 3192 testimonii
646 3131 738 3192 antee
753 3130 828 3205 297,
847 3132 888 3192 16
904 3130 1001 3194 adlati
1014 3131 1120 3194 uerbis
1137 3130 1292 3207 differant,

141 3237 313 3317 quaeritur,
342 3239 449 3299 utrum
477 3235 630 3298 memorie
659 3235 811 3316 deceptus
840 3241 951 3301 auctor
978 3237 1073 3300 huius
1103 3237 1206 3321 operis
1230 3237 1293 3300 alia

139 3344 187 3406 ibi
209 3343 363 3424 posuerit,
393 3361 431 3406 00
454 3342 598 3406 homines
628 3341 743 3406 eruditi
767 3343 905 3425 genirina
931 3344 1109 3408 testimonii
1136 3344 1234 3407 uerba
1257 3363 1292 3407 er

141 3450 282 3513 editione
316 3447 346 3514 S.
379 3448 564 3531 Hieronymi
597 3449 799 3512 mutauerint.
838 3450 985 3513 similiter
1017 3448 1112 3514 enim'
1133 3451 1228 3514 etiam
1259 3451 1291 3513 in

142 3555 280 3637 Speculo
301 3557 374 3632 199,
399 3557 442 3618 20
462 3555 583 3618 factum
604 3573 673 3618 esse
692 3575 722 3637 p.
745 3555 853 3619 XVIII
872 3557 1013 3638 exposui,
1032 3561 1069 3621 ut
1087 3557 1192 3632 uerba,
1213 3576 1292 3637 quae

141 3666 253 3727 auctor
274 3663 348 3726 libri
373 3662 411 3726 ad
436 3661 618 3744 explicanda
641 3663 824 3728 testimonia
848 3664 979 3740 addidit,
1005 3683 1077 3727 cum
1100 3663 1181 3745 ipsis
1203 3665 1292 3728 teati-

140 3769 241 3833 monii
266 3769 440 3853 exponendi
462 3769 569 3833 uerbis
590 3788 651 3832 non
671 3771 885 3848 conucnIrent,
911 3774 943 3835 01
961 3773 1205 3834 consentaneum
1225 3772 1292 3832 erat

141 3894 301 3958 quaerere,
330 3895 406 3938 num
434 3874 530 3938 etiam
559 3875 630 3938 aliis
659 3874 738 3937 locis
766 3876 866 3939 uerba
898 3875 1047 3958 uulgatae
1080 3875 1228 3939 editionis
1258 3875 1289 3938 S.

141 3982 331 4065 Hieronymi
358 4001 413 4062 pro
443 3979 627 4062 antiquioris
656 3981 813 4045 uersionis
847 3986 993 4046 contextu
1021 3983 1053 4046 in
1086 3983 1291 4063 archetypum

143 4089 179 4150 de
204 4088 337 4152 oonsilio
363 4087 508 4171 quamuis
528 4087 690 4152 bonafide
713 4088 846 4153 inducta
864 4109 933 4153 esse
957 4089 1147 4153 uiderentur.
1172 4087 1292 4170 deque

142 4212 174 4256 re
198 4193 388 4258 conferenda
412 4195 487 4256 sunt
509 4211 570 4256 non
600 4192 703 4256 solnm
729 4213 809 4275 quae
834 4194 978 4259 Sabatier
999 4193 1109 4278 (praei.
1134 4215 1164 4276 0.
1189 4193 1290 4277 LVII)

144 4302 175 4362 et
196 4300 329 4364 Burkitt
352 4298 461 4384 (Tarte
485 4298 546 4362 and
571 4297 700 4362 Studien
720 4299 765 4364 IV
789 4300 822 4384 3)
845 4304 1088 4384 proposuerunt,
1113 4301 1170 4364 sed
1194 4300 1289 4364 etiarn

146 4424 223 4487 quea
246 4407 403 4471 Iohannes
428 4405 500 4469 Mill
530 4404 718 4489 (prolegom.
741 4408 772 4470 in
797 4406 878 4471 Nou.
902 4407 1042 4472 Testem.
1068 4410 1132 4473 848
1157 4408 1290 4488 01840)
