3184 5234
262 479 1192 554 oeconsensueuangelistarumlib.1.oap.24-25
1256 487 1298 552 37

152 676 330 760 prohibeat,
345 695 419 742 aum
434 696 488 742 eos
502 677 535 741 in
551 675 686 743 diuersis
702 675 817 743 officiis
836 676 1086 762 muneribusque
1105 679 1304 745 constituant

153 785 303 850 strabus
332 783 371 848 ad
400 801 558 866 quemque
586 783 711 867 proprie
739 782 971 868 pertinentibus
998 783 1161 869 praesides
1188 785 1300 852 uelint.

153 893 179 983 si
209 889 295 956 enim
321 889 465 974 Iuppiter
493 909 553 955 non
581 889 729 972 prohibet
757 889 928 958 Saturnum
956 892 1029 971 coli,
1059 892 1223 976 quianon
1251 899 1303 958 est

151 1001 205 1064 ille
229 999 336 1077 homo,
360 997 415 1081 qui
437 996 530 1064 illurn
553 997 716 1064 hominem
743 1001 866 1081 patrem
895 998 933 1063 do
959 1016 1057 1084 regno
1085 999 1215 1083 expulit,
1244 999 1300 1064 sed

120 1109 210 1171 ⁵aut
233 1104 313 1170 caeli
340 1109 468 1187 corpus
488 1107 544 1168 aut
578 1103 710 1188 spiritus
738 1102 874 1187 impleus
903 1105 1026 1171 caelum
1053 1107 1239 1183 ulterram,
1268 1109 1306 1170 et·

151 1211 223 1276 ideo
256 1230 317 1276 non
350 1214 458 1296 potest
488 1209 655 1293 prohibere
688 1211 750 1276 coli
782 1213 923 1276 mentem
955 1230 1135 1294 supernam,
1168 1231 1206 1276 ex
1238 1231 1301 1294 qua

152 1318 271 1384 dicitur
294 1336 468 1396 emanasse,
498 1316 526 1382 si
549 1335 586 1382 ea
608 1317 730 1382 ratione
753 1336 811 1382 nec
835 1315 991 1384 Saturnus
1012 1319 1124 1383 Iouem
1148 1317 1209 1385 ooli
1230 1337 1304 1401 pro·

151 1425 253 1504 hibet,
283 1424 446 1508 quianon
474 1425 512 1488 ab
542 1443 578 1490 eo
607 1423 780 1488 rebellante
809 1427 978 1508 superatus
1006 1426 1057 1491 est
1084 1423 1169 1490 sieut
1194 1423 1250 1490 ille
1282 1443 1305 1489 a.

150 1533 228 1597 Ioue
257 1529 365 1596 neseio
394 1549 467 1614 quo,
497 1529 589 1596 cuius
619 1548 705 1595 arma
736 1529 862 1615 fugiens
894 1530 984 1596 uenit
1015 1529 1048 1595 in
1073 1529 1211 1609 Italiam,
1245 1531 1301 1596 sed

107 1651 131 1686 10
151 1638 241 1702 fauet
265 1635 368 1720 prime
390 1655 480 1702 mens
504 1635 626 1701 animae
650 1655 669 1701 a
692 1654 726 1702 se
749 1636 885 1720 genitae,
910 1639 1025 1703 saltem
1044 1635 1207 1703 Vulcanus
1230 1640 1300 1721 pro'-

151 1744 277 1809 hiberet
296 1742 358 1808 coli
373 1743 509 1808 Martem
528 1742 634 1808 uxoris
653 1742 844 1822 adulterum,
858 1743 1015 1809 Hercules
1029 1746 1182 1809 Iunonem
1196 1761 1306 1828 perse*

152 1850 309 1918 euticem
332 1867 433 1915 suam.
456 1868 537 1932 quae
560 1849 623 1914 ista
645 1849 727 1914 iuter
750 1867 805 1914 eos
831 1853 884 1914 est
908 1853 976 1915 tam
1003 1850 1096 1915 foeda
1123 1849 1304 1927 consensio,

151 1959 190 2022 ut
212 1974 271 2020 nec
294 1955 397 2020 Diana
419 1953 510 2039 uirgo
535 1958 624 2021 casta
647 1955 709 2020 coli
731 1954 899 2039 prohibeat
920 1975 983 2021 non
1007 1956 1109 2022 dicam
1133 1955 1304 2033 Venerem,

152 2063 210 2128 sed
228 2062 404 2146 Priapum?
423 2081 497 2127 nam
520 2063 548 2127 si
571 2081 655 2128 unus
678 2062 774 2128 homo
799 2067 832 2128 et
855 2067 987 2130 uenator
1004 2067 1037 2128 et
1064 2063 1203 2150 agricola
1230 2083 1305 2128 esse

106 2189 132 2228 1⁵
151 2169 304 2248 uoluerit,
321 2188 435 2234 seruus
450 2169 510 2234 erit
528 2170 705 2246 amborum,
726 2169 842 2251 quibus
861 2173 968 2235 tamen
986 2171 1040 2236 uel
1058 2169 1163 2236 uicina
1182 2171 1302 2254 templa

150 2276 307 2342 fabricare
331 2275 500 2341 erubescit.
525 2275 583 2340 sed
604 2275 853 2358 interpretentur
870 2274 1006 2341 Dianam
1027 2274 1182 2341 uirtutem
1206 2295 1302 2358 quam

150 2385 277 2462 uolunt,
299 2383 547 2464 interpretentur
569 2384 603 2447 et
620 2382 771 2465 Priapum
794 2382 998 2448 fecunditatis
1022 2381 1128 2462 deum,
1150 2383 1197 2448 ita
1215 2400 1305 2460 sano,

151 2490 237 2555 utin
256 2488 393 2555 fetandis
412 2487 539 2554 feminis
557 2488 677 2571 pudeat
690 2490 843 2554 Iunonem
862 2489 960 2553 talem
979 2490 1093 2554 habero
1112 2488 1300 2565 adiutorem,

152 2597 262 2662 dicant
286 2595 372 2678 quod
393 2595 510 2680 placet,
537 2595 785 2677 interpretentur
812 2596 897 2680 quod
925 2596 1061 2680 sapiunt,
1092 2595 1167 2660 dum
1194 2598 1302 2660 tamen

105 2721 131 2758 no
152 2702 261 2769 omnia
280 2721 391 2767 eorum
410 2703 597 2786 argumente
615 2701 779 2785 perturbet
798 2702 876 2767 deus
898 2702 1031 2767 Israhel.
1054 2701 1109 2785 qui
1132 2719 1206 2768 cum
1228 2701 1304 2767 illos

152 2813 264 2874 om'nes
290 2807 352 2874 coli
374 2807 574 2890 prohibuerit
596 2811 629 2873 ot
659 2827 677 2872 a
704 2808 792 2874 nullo
821 2827 930 2874 eorum
959 2809 1022 2874 coli
1048 2806 1228 2892 prohibitus
1259 2807 1303 2872 sit

151 2933 327 2996 eorumque
356 2913 536 2980 simulacris
566 2918 598 2980 et
625 2915 724 2982 sacris
758 2915 956 2982 eusrsionsm
987 2915 1192 2998 praeceperit,
1214 2933 1302 2997 pres·

151 3021 276 3100 dixerit,
301 3021 422 3100 fecerit,
447 3019 526 3087 satis
551 3021 691 3088 ostendit
712 3021 787 3088 illos
810 3021 909 3088 falsos
933 3021 1036 3104 adque
1057 3021 1189 3087 fallaces
1212 3025 1244 3087 et
1267 3041 1302 3086 so

151 3148 363 3194 essenorum
387 3147 423 3192 ao
446 3145 592 3192 ueracem
617 3128 720 3193 deum.

244 3372 260 3424 9
280 3373 313 3428 ci.
333 3370 413 3440 Verg.
433 3371 499 3426 Aen.
519 3371 544 3437 8,
565 3369 629 3435 320;
650 3370 684 3426 cf.
704 3387 784 3441 supra
804 3385 827 3424 c.
846 3371 890 3433 23,
905 3371 941 3424 34
997 3369 1030 3423 14
1050 3367 1083 3426 ef.
1104 3368 1138 3424 de
1159 3368 1211 3424 cin.
1231 3369 1257 3424 d.
1275 3369 1303 3437 6,

149 3464 179 3524 9;
204 3461 228 3528 7,
248 3461 283 3513 24

186 3581 205 3634 2
225 3596 422 3651 quemcumque
445 3584 515 3650 (cum
532 3595 554 3635 s.
576 3580 592 3634 1.
614 3581 690 3647 add.)
709 3581 744 3646 F,
764 3597 987 3651 quemcunquep
1067 3580 1215 3651 praesides]
1235 3579 1302 3635 add.

148 3687 211 3728 esso
231 3669 356 3726 rosam
412 3669 482 3738 ter]
502 3669 587 3739 sicQ
640 3669 764 3724 8habeo
783 3670 813 3737 (h
831 3685 901 3724 eras,
920 3668 988 3737 ΒΝ)
1005 3668 1095 3724 BRN
1163 3670 1303 3724 rebelante

147 3761 186 3816 Βι
250 3777 266 3813 a
285 3775 336 3814 one.
359 3757 408 3812 ΟΡ
453 3757 694 3822 rostratarum,
712 3759 843 3812 uulcanos
865 3757 896 3824 0,
914 3759 977 3812 uult
995 3775 1074 3812 canes
1091 3757 1123 3811 F
1138 3758 1179 3826 (in
1196 3775 1253 3813 aas.
1273 3759 1303 3825 u)

148 3854 181 3907 11
205 3848 370 3903 adulterium
389 3848 417 3901 B
505 3847 623 3902 herculis
640 3847 701 3918 Ἑρ,
721 3847 760 3901 ·le
783 3847 818 3900 0¹
903 3848 1042 3917 iunonem]
1060 3847 1087 3900 io
1107 3863 1161 3901 non
1180 3845 1223 3901 e'st
1243 3845 1304 3900 0¹1>

150 3941 183 3993 12
206 3937 340 3992 confessio
356 3937 386 3990 F
434 3936 583 3991 tediosam
606 3935 655 3990 GP
672 3939 695 3998 (t
713 3953 773 4007 coep.
790 3935 824 4003 0)
874 3937 908 3989 14
925 3953 990 3990 num
1012 3935 1062 3990 ΟΡ
1144 3939 1303 3990 uenatnret

148 4028 274 4097 agnicula
296 4026 358 4082 0¹1³
448 4026 480 4080 15
499 4041 592 4080 seruos
613 4025 675 4080 011>
757 4025 821 4094 erit]
840 4027 913 4078 esset
931 4040 973 4094 χι·
1064 4025 1097 4079 16
1117 4023 1248 4079 erubisoit
1269 4022 1302 4077 0¹

149 4119 184 4172 17
204 4115 401 4170 foecunditatis
419 4114 456 4182 B,
475 4114 617 4168 foeditatis
637 4113 648 4166 l
745 4112 882 4168 faetendis
900 4114 949 4182 13¹,
968 4114 1094 4168 secundis
1111 4111 1159 4177 B²,
1178 4113 1302 4167 fecundis

146 4205 237 4262 RTD
305 4206 337 4259 18
356 4203 452 4258 habire
473 4202 535 4256 ΟΨ
600 4202 635 4257 20
653 4202 825 4272 perturbatl
897 4203 929 4255 21
951 4201 999 4271 sit]
1019 4203 1098 4270 estp
1170 4193 1301 4272 2211116-

147 4294 248 4364 eiperit
269 4293 338 4356 0112,
358 4307 447 4360 ooap
520 4291 695 4362 praedixerit]
716 4289 781 4345 add.
802 4293 830 4344 et
851 4290 930 4344 OPV
942 4291 1010 4360 ppl
1081 4291 1116 4344 23
1136 4291 1215 4358 satis]
1236 4288 1303 4342 siuis

149 4383 222 4448 0¹12,
240 4399 305 4436 sane
327 4379 365 4434 0²
717 4381 719 4386 '
